3296 5168
459 465 748 521 COMMENTARIVS
770 465 933 521 CRITICVS
953 465 982 520 C.
1003 474 1088 522 1-3.
1300 467 1341 529 51

197 630 275 694 Aper
292 623 368 678 omni
394 626 549 682 eruditione
571 626 695 681 imbutus
719 626 918 682 contemnebat
939 627 1033 697 potius
1047 626 1167 680 'litteras
1190 644 1274 695 quam
1296 644 1343 681 ne-

199 705 322 772 sciebat,
341 703 365 758 si
383 703 528 776 ingenium
546 725 626 761 suurn
640 706 725 760 nullis
738 707 892 761 alienarum
912 707 1015 760 artium
1034 708 1099 772 (hoc
1118 708 1168 772 eet,
1187 707 1342 760 studiorum

198 800 271 851 quae
290 786 394 839 oratori
407 803 464 840 non
477 788 634 842 necessaria
654 803 713 840 esse
731 785 821 853 fiuxit)
841 787 1018 843 adminiculis
1033 787 1114 841 inniti
1134 786 1225 840 uideri
1239 786 1343 840 uoluit:

197 865 388 932 sartandum,
408 866 533 936 obsecro,
550 867 705 922 industriae
721 868 750 921 et
763 867 867 921 laboris
886 867 1006 938 gloriam
1024 867 1128 921 habere
1147 867 1241 935 cupit?
1278 884 1344 919 narn

196 959 254 997 non
273 943 333 998 sine
352 945 417 1000 dolo
436 946 557 1016 quodam
576 948 753 1002 Andresenus
771 949 846 1002 hunc
866 949 991 1003 laborem
1014 947 1184 1002 industrium
1202 945 1345 1014 intellegit

134 1036 138 1042 '
197 1041 277 1092 eum,
296 1041 379 1090 quem
398 1026 473 1094 Aper
491 1043 568 1080 more
586 1044 723 1082 nouorum
741 1029 885 1082 rhetorum
903 1028 933 1081 iu
953 1028 1128 1082 scholasticis
1147 1028 1344 1083 controuersiis

197 1108 228 1158 et
245 1105 454 1160 declamatoriis
473 1107 721 1163 exercitationibus
741 1109 787 1177 (cf.
802 1126 826 1162 c.
842 1111 887 1180 14)
906 1107 1117 1176 consumpserit.
1151 1108 1199 1162 sed
1217 1106 1271 1160 hoc
1290 1106 1344 1160 nisi

196 1183 291 1238 uerbis
314 1184 425 1238 disertis
449 1186 635 1256 significatur,
664 1189 789 1244 laborem
817 1187 898 1242 illum
921 1188 1067 1242 nonlicet
1090 1187 1229 1256 explicare
1257 1185 1343 1240 alium

198 1281 283 1330 quam
307 1265 336 1318 in
359 1265 533 1334 adquirenda
556 1268 712 1322 eruditione
735 1268 875 1332 litteraria
897 1267 1029 1337 positum.
1070 1268 1144 1335 quod
1172 1267 1344 1337 perspiciens

180 1343 342 1398 ·Vahlenus
369 1347 516 1416 proposuit
539 1350 668 1402 maiorem
693 1345 816 1421 (mmm)
841 1349 996 1402 industriae
1020 1354 1045 1402 et
1070 1349 1087 1401 l.
1112 1349 1163 1416 gt,
1188 1365 1244 1401 non
1268 1349 1345 1400 recta

198 1424 338 1478 sententia
355 1442 407 1480 nec
421 1427 492 1481 bene
511 1445 562 1497 per
575 1445 613 1482 se.
642 1428 793 1498 genuinum
813 1429 888 1496 quod
906 1429 975 1497 puto
994 1429 1134 1482 industria
1153 1433 1178 1480 et
1196 1428 1295 1493 labore,
1314 1426 1344 1479 id

198 1504 362 1572 corruptum
385 1509 428 1561 est
450 1523 483 1560 eo
506 1509 582 1575 quod
603 1510 759 1563 industriae
784 1508 965 1578 (adhaerente
984 1526 998 1561 e
1015 1505 1154 1578 proximu)
1172 1524 1257 1577 praue
1277 1507 1343 1560 scri-
1370 1555 1373 1564 .

196 1586 277 1652 ptum
300 1585 388 1638 traxit
410 1588 539 1642 uoculam
563 1591 735 1658 sequentem.
773 1588 994 1657 contemptorem
1016 1589 1176 1641 litterarum
1194 1589 1345 1656 propterea

198 1681 228 1718 se
247 1665 335 1734 gessit
352 1668 441 1735 Aper,
465 1667 540 1736 quod
562 1668 627 1735 plns
650 1668 756 1736 gloriae
781 1667 834 1721 sibi
857 1666 986 1736 promisit
1004 1683 1038 1720 cx
1062 1667 1162 1721 studiis
1180 1667 1209 1719 in
1228 1683 1275 1720 eas
1293 1666 1343 1719 im-

196 1744 304 1813 pensis,
323 1745 347 1799 si
366 1745 410 1799 his
429 1747 612 1804 dissimulatis
632 1749 722 1802 solum
740 1748 882 1817 ingenium
897 1765 976 1800 suum
991 1747 1117 1802 homines
1132 1747 1343 1803 admirarentur.

270 1830 286 1876 9
315 1830 373 1879 turn
400 1827 458 1880 ille:
487 1829 555 1896 leges
581 1835 626 1894 tu,
651 1828 720 1897 guid
745 1829 894 1882 Maternus
922 1829 978 1881 sibi
1004 1829 1139 1894 debuerit,
1166 1833 1191 1881 et
1218 1844 1345 1897 agnosces
1363 1827 1424 1884 c.3

197 1921 268 1972 gnae
285 1905 399 1960 audisti.
436 1906 492 1960 Ioci
509 1907 705 1962 difficultatem
725 1908 830 1978 optime
849 1907 1014 1976 explananit
1031 1906 1217 1976 Nipperdeins
1236 1908 1342 1978 [opusc.

197 2003 226 2052 p.
249 1985 400 2056 atlsqq.]:
430 1987 500 2041 haec
523 1987 609 2042 uerba
631 1987 726 2062 latinis
750 1988 864 2042 auribus
887 1988 959 2042 nihil
982 2005 1081 2042 sonare
1107 1988 1161 2041 nisi
1186 1988 1274 2057 ‘leges
1299 2005 1344 2041 me

197 2065 388 2134 disputantem
407 2085 491 2136 super
508 2070 561 2122 hac
580 2068 757 2136 quaestione,
776 2067 844 2135 quid
858 2067 1000 2123 Mutamus
1015 2067 1068 2122 sibi
1082 2067 1236 2134 debuerit’,
1255 2084 1345 2134 neque

199 2148 296 2199 tanum
314 2146 349 2200 de
367 2147 421 2201 hac
439 2163 478 2216 re,
497 2147 546 2201 scd
565 2147 599 2202 ds
613 2147 737 2216 legenda
748 2145 861 2200 Catonis
876 2147 1023 2216 tragoedia
1037 2147 1092 2216 agi.
1121 2147 1244 2200 restituit
1257 2147 1346 2214 igitur

198 2225 241 2278 nir
268 2228 366 2280 acutus
389 2229 472 2296 leges,
499 2229 604 2297 inquit,
626 2229 652 2282 si
675 2228 799 2291 libuerit,
823 2232 848 2279 et
871 2241 998 2294 agnosces
1019 2243 1089 2295 guae
1111 2228 1217 2280 audisti
1238 2227 1344 2280 uiolen-

199 2304 306 2358 tissimc
329 2306 359 2359 et
383 2306 442 2360 sine
466 2307 526 2360 ulla
547 2306 756 2376 probabilitate.
794 2323 859 2358 nam
880 2307 913 2358 ut
931 2305 1060 2359 omittam
1078 2305 1150 2358 illud
1169 2322 1231 2359 cum
1250 2305 1344 2374 graui—

202 2386 261 2437 tate
278 2385 426 2454 superbiae
444 2387 558 2455 pulcrae
577 2387 662 2455 plena
679 2385 785 2439 dictum
808 2386 876 2453 guid
895 2386 939 2438 M.
957 2400 979 2439 s.
998 2386 1120 2439 debuerit
1143 2386 1226 2454 plane
1245 2385 1344 2454 perire,

203 2464 267 2532 quid
284 2465 375 2534 magis
393 2465 562 2535 superfluum
581 2468 625 2520 est
642 2466 696 2519 hoc
713 2467 740 2518 si
758 2463 888 2519 libuerit?
916 2482 1006 2532 neque
1025 2466 1121 2519 tamen
1140 2465 1194 2520 boc
1212 2465 1241 2519 in
1260 2483 1345 2519 causa

201 2562 260 2598 esse
278 2545 376 2600 debuit
393 2545 520 2615 Halmio,
544 2563 592 2600 cur
609 2544 681 2598 nibil
704 2545 868 2599 mutandum
887 2561 947 2599 esse
966 2545 1150 2615 pronuntians
1173 2547 1241 2615 leges
1259 2547 1344 2600 iuter-

198 2627 355 2694 prctaretur
382 2627 493 2695 legendo
520 2627 663 2694 intelleges.
706 2626 781 2692 quod
809 2626 842 2679 ut
867 2629 980 2680 nostrae
1008 2626 1150 2696 cogItandi
1178 2627 1345 2696 dicendique

197 2705 302 2759 rationi
321 2705 417 2773 aliqua
435 2723 469 2761 ex
487 2709 567 2774 parte
583 2723 749 2776 congruum,
767 2706 809 2760 ita
823 2723 840 2759 a
853 2707 942 2761 latino
962 2723 1088 2762 sermone
1106 2708 1203 2776 utique
1223 2708 1345 2762 alienum

198 2786 252 2852 eat;
272 2788 303 2839 et
319 2785 446 2854 pepercit
464 2785 592 2840 Halmius
616 2785 775 2841 adferendis
799 2805 870 2856 quae
889 2787 998 2840 adferre
1022 2786 1120 2840 debuit
1140 2779 1278 2856 ‘exemplis
1297 2787 1344 2856 [cf.

197 2875 268 2918 mus.
293 2865 381 2920 Rhen.
405 2864 523 2918 XXVIII
545 2883 572 2935 p.
598 2866 723 2936 499sq.].
764 2883 855 2933 neque
879 2868 933 2920 hac
955 2866 1028 2920 falsa
1050 2864 1280 2934 interpretatione
1302 2883 1345 2920 re-

197 2947 328 3000 mouetur
349 2944 379 2998 id
402 2944 477 3012 quod
500 2945 599 2999 itidem
624 2945 796 3013 uituperauit
824 2944 1025 3014 Nipperdeius,
1052 2947 1117 3014 post
1141 2945 1214 2999 forte
1238 2945 1346 3000 scilicet

198 3026 267 3094 leges
284 3044 309 3095 q.
329 3029 368 3079 M.
388 3041 409 3080 s.
428 3027 551 3080 debuerit
569 3025 625 3079 iam
644 3024 759 3079 mirifice
779 3026 912 3094 languere
931 3025 960 3078 id
980 3025 1055 3095 quod
1069 3025 1206 3080 subicitur
1219 3042 1346 3096 agnosces

198 3122 268 3174 guae
286 3105 399 3160 audisti.
436 3105 532 3174 itaque
551 3106 641 3160 lenius
660 3105 814 3159 remedium
832 3106 865 3158 ut
883 3105 1125 3175 circumspiciatur
1146 3106 1243 3159 restat.
1285 3105 1343 3158 iam

199 3203 261 3240 eam
280 3185 464 3254 senteutiam,
487 3185 517 3239 in
540 3203 597 3255 qua
614 3185 801 3256 Nipperdcius
819 3185 892 3240 nihil
913 3186 1034 3253 relinqui
1053 3184 1132 3238 dubii
1151 3186 1267 3255 agnouit
1284 3185 1345 3254 ipse

198 3267 278 3336 (leges
297 3283 366 3335 guae
385 3267 505 3331 audiati5
528 3267 559 3320 id
582 3268 654 3320 enirn
678 3267 827 3322 Maternus
849 3268 904 3320 sibi
926 3267 1028 3332 debuit)
1046 3265 1201 3334 reciperaui
1219 3265 1345 3319 traiectis
1406 3303 1411 3314 .

200 3346 307 3400 duobus
331 3346 477 3400 membris:
506 3347 574 3415 leges
596 3351 627 3400 tu
649 3363 719 3415 guae
742 3349 848 3402 audisti
870 3353 895 3401 et
917 3361 1045 3417 agnosces
1066 3347 1135 3414 guid
1159 3347 1201 3400 M.
1225 3346 1279 3399 sibi
1301 3347 1344 3399 de-

199 3429 301 3495 buerit,
329 3429 383 3481 hoc
411 3431 464 3482 est:
494 3429 592 3483 eadem
616 3442 688 3496 quae
712 3443 794 3481 aures
816 3427 881 3481 tuae
903 3427 933 3480 in
955 3417 1075 3481 recitata
1097 3425 1246 3494 tragoedia
1267 3425 1345 3479 audi·

199 3525 277 3578 uere,
301 3509 331 3562 iu
354 3508 431 3563 editu
450 3508 526 3563 oculi
549 3523 659 3575 quoque
681 3507 724 3560 tui
746 3507 855 3576 legent,
878 3507 990 3573 iamque
1014 3505 1124 3560 abiecta
1141 3506 1198 3560 ista
1216 3507 1266 3560 tna
1287 3523 1344 3559 sus-

199 3589 308 3656 pitione
331 3588 493 3658 intelleges,
519 3607 564 3643 me
587 3587 744 3656 spectatum
763 3603 780 3640 a
798 3587 901 3640 mentis
919 3585 1087 3654 linguaeque
1105 3585 1236 3638 libertate
1254 3585 1345 3639 uirum

199 3670 325 3724 decuisse
343 3673 376 3723 ut
392 3671 496 3724 liberas
516 3684 612 3736 uoces,
632 3683 700 3734 quas
719 3667 749 3719 in
763 3667 917 3720 amicorum
932 3664 1043 3718 circulis
1061 3665 1193 3731 recitaui,
1212 3663 1298 3718 etiam
1316 3665 1345 3717 in

199 3751 342 3819 publicum
362 3749 473 3804 ederein
493 3747 552 3802 sine
571 3747 680 3800 timore.
697 3777 729 3784 —
747 3745 849 3799 iterum
867 3762 903 3799 ne
921 3743 992 3798 mibi
1010 3744 1156 3811 obiciatur,
1176 3744 1345 3814 agnoscendi

199 3830 317 3883 uerbum
336 3846 393 3884 non
411 3829 559 3883 admittere
578 3843 641 3883 eam
659 3843 744 3894 quam
763 3826 874 3880 rest'tui
893 3825 1140 3893 constructionem,
1164 3825 1196 3878 tu
1219 3825 1284 3888 uide
1303 3842 1344 3878 cx.
1421 3881 1425 3890 ,

200 3927 241 3978 gr.
260 3908 423 3964 Ciceronem
441 3909 527 3964 Acad.
547 3908 559 3960 I
578 3915 608 3975 3,
628 3912 644 3960 9
662 3911 693 3959 ut
707 3921 848 3974 possemus
872 3903 1024 3974 aliquando
1046 3906 1095 3973 gui
1117 3911 1142 3958 et
1164 3905 1214 3958 ubi
1231 3920 1345 3959 ememus

201 4005 350 4058 agnoscere.
386 4006 476 4057 neque
496 3985 674 4044 sollicitanda
693 3984 795 4039 uocula
813 3991 857 4052 tu,
877 4002 949 4054 quac
972 3985 1039 4039 iude
1063 3986 1098 4039 ab
1122 3983 1250 4042 Enniano
1272 4003 1346 4038 unus

200 4070 252 4121 erit
272 4085 349 4137 quem
367 4073 398 4122 tu
416 4069 492 4122 tolles
504 4070 536 4122 in
550 4067 660 4142 canule
675 4066 775 4133 turpia
792 4065 934 4120 interdum
948 4066 1034 4120 etiam
1048 4065 1098 4118 ubi
1112 4066 1191 4118 deest
1205 4065 1345 4134 oppositio

200 4148 314 4203 additur
324 4149 359 4203 ad
371 4149 603 4203 corroborandam
614 4145 836 4200 adfirmationem
848 4145 1011 4215 (Seebodins
1026 4150 1057 4198 tu
1066 4146 1172 4214 quidem
1180 4146 1343 4214 proposuit).

273 4235 304 4281 11
321 4231 445 4298 disposui
463 4231 520 4283 iarn
537 4234 562 4282 et
579 4229 656 4282 intra
669 4243 710 4279 rue
726 4226 784 4294 ipse
796 4227 927 4293 fornaci.
961 4224 1075 4292 scripsIt
1088 4225 1201 4278 omnino
1215 4225 1292 4278 intra
1305 4242 1346 4278 rue

200 4309 292 4376 ipsum
309 4308 437 4376 Tacitus,
462 4309 511 4377 qui
534 4308 644 4376 quando
667 4306 696 4360 in
719 4306 763 4360 bis
783 4299 958 4361 nominatiuo
977 4305 1088 4374 quando
1107 4304 1157 4357 alii
1176 4305 1253 4358 casui
1271 4305 1346 4358 esset

201 4388 280 4441 locus
299 4389 416 4458 optime,
436 4389 469 4442 ut
486 4406 538 4459 par
556 4389 612 4456 est,
631 4387 727 4444 sciuit:
747 4406 768 4443 c.
789 4395 814 4454 3,
833 4394 867 4442 20
885 4404 989 4442 nouurn
1008 4387 1060 4439 tibi
1073 4386 1130 4453 ipse
1143 4387 1280 4454 negotium
1293 4386 1344 4438 irn-

195 4484 332 4537 perasses,
359 4487 381 4524 c.
406 4475 435 4536 t,
460 4476 475 4522 1
499 4474 530 4523 ut
553 4470 585 4523 de
607 4485 647 4522 nu
670 4470 730 4536 ipso
753 4469 844 4534 fatear
870 4467 927 4535 (ubi
951 4467 1071 4535 pessime
1095 4466 1240 4520 Leidensis
1267 4467 1345 4534 ipse).

201 4552 278 4604 recte
301 4549 416 4604 Tacitus
440 4565 502 4602 ann.
525 4547 590 4602 XIV
613 4554 647 4601 53
671 4549 738 4603 adeo
761 4553 793 4602 ut
812 4548 971 4617 plerumque
993 4548 1070 4601 intra
1091 4564 1132 4601 nze
1154 4549 1212 4616 ipse
1233 4547 1345 4601 uciuaru

1096 4633 1132 4688 4*
