3296 5168
293 403 337 468 94
622 405 916 464 COMMENTARIVS
936 407 1110 465 ORITIOVS.

292 564 400 620 mentio
426 566 580 636 praecessit
605 566 635 621 in
667 567 759 621 uerbis
787 570 879 623 ecdem
908 570 981 624 ratio
1006 600 1041 611 —
1068 571 1213 638 prouentu
1244 567 1316 624 falso
1344 573 1442 625 autem

294 645 421 700 nonnulli
450 648 501 700 illa
537 647 710 718 coniungunt
741 665 804 702 cum
838 648 878 703 eis
914 668 985 720 quae
1021 653 1152 706 secuntur
1184 667 1244 705 curn
1276 652 1371 706 rnirrtis
1405 682 1439 693 —

288 727 457 794 persuadere
481 732 604 796 poterat,
633 744 704 797 quae
736 727 829 798 potins
862 730 1003 800 explicant
1033 731 1104 786 illud
1127 731 1215 800 plura
1241 731 1296 786 siti
1328 732 1442 800 adsensu

292 807 467 864 uidebantur.
512 808 648 878 superflue
676 806 763 876 igitur
791 809 835 862 ilii
863 810 983 866 coniecit
1015 810 1203 874 Gutmannus3
1237 812 1266 864 et
1291 809 1350 864 sine
1381 810 1441 864 ullo

294 887 407 957 negotio
432 887 534 942 ultima
561 889 648 943 uerba
676 889 730 944 siti
758 890 865 958 mseqni
893 891 1059 946 uidebantur
1088 888 1257 960 generaliter
1288 907 1340 944 nec
1372 891 1442 945 certi

294 967 413 1023 subiecti
427 971 554 1038 respectu
572 970 672 1024 habito
692 969 769 1023 dicta
787 968 966 1039 accipimus:
984 987 1070 1025 unum
1089 971 1183 1025 autem
1202 969 1371 1025 uocabulum
1391 972 1440 1026 ad·

296 1046 401 1108 sentior
418 1050 581 1104 Andreseno
606 1050 645 1121 [p.
666 1050 729 1121 129]
756 1068 812 1105 non
834 1049 993 1120 profectum
1016 1067 1074 1107 esse
1098 1051 1245 1106 aTaaito:
1274 1052 1442 1106 uidebantur

294 1127 377 1181 nihili
401 1131 457 1197 est,
481 1146 543 1184 eum
567 1146 622 1184 non
646 1131 736 1199 possit
759 1146 814 1184 non
837 1131 878 1184 ita
897 1130 1000 1200 accipi,
1024 1132 1104 1199 quasi
1127 1133 1242 1186 ueteres·
1254 1130 1297 1186 illi
1316 1135 1441 1192 oratores

294 1209 337 1262 sui
358 1209 577 1279 posteriorisque
596 1210 732 1279 temporis
751 1209 943 1266 condicionem
961 1210 1035 1266 inter
1059 1229 1088 1266 se
1111 1209 1345 1281 comparauerint.
1393 1211 1442 1266 sed

293 1289 470 1346 Andresenns
493 1291 567 1344 falsa
590 1289 624 1344 de
646 1291 708 1345 toto
731 1291 877 1345 enuntiato
901 1291 1032 1361 opinione
1054 1291 1084 1346 in
1102 1309 1236 1362 praeceps
1261 1293 1341 1347 datus
1364 1292 1443 1345 aber·

296 1370 371 1424 rauit
384 1370 541 1426 necessario
562 1385 676 1438 acero,
695 1387 746 1424 nos
765 1370 823 1425 leni
841 1371 1036 1426 emendatione
1052 1371 1178 1427 dedimus
1193 1374 1281 1441 ptura
1298 1373 1353 1427 siti
1371 1389 1442 1429 asse-

295 1453 345 1520 qui
366 1452 497 1506 uolebant
524 1450 657 1520 (anmals
682 1450 842 1506 vermoclrte
864 1467 930 1504 man
953 1452 1033 1506 mehr
1056 1451 1095 1506 im
1119 1450 1221 1522 eignen
1244 1449 1381 1507 Interesse
1406 1470 1442 1506 nu

294 1532 468 1601 erreiehen’).
709 1543 713 1550 ’
1289 1577 1295 1587 ,

367 1618 399 1668 10
419 1612 606 1667 accusationes
620 1613 775 1680 potentium
788 1627 895 1666 reorum
908 1604 942 1666 ut
959 1611 1092 1666 facillime
1107 1629 1141 1667 ex
1155 1610 1283 1666 codicum
1303 1611 1442 1681 scriptura

293 1688 417 1758 elicitur,
435 1690 477 1745 ita
496 1696 593 1746 contra
610 1689 766 1744 Andreseni
785 1690 966 1759 suspitionem
987 1691 1025 1763 [p.
1048 1692 1111 1763 129]
1131 1692 1305 1746 sustentatur
1323 1691 1385 1746 loeo
1405 1691 1442 1748 ab

293 1767 406 1822 Halmio
434 1770 505 1825 bene
534 1773 696 1840 comparato
726 1787 788 1826 ann.
813 1769 852 1823 XI
875 1777 891 1825 5
919 1788 1019 1827 saeuus
1047 1773 1211 1827 accusandis
1236 1772 1290 1826 reis
1313 1771 1440 1826 Stultius.

293 1847 455 1904 Waltherus
474 1852 599 1906 uirorum
618 1850 716 1905 uoluit.

366 1935 399 1984 18
418 1931 485 1998 ptus
508 1933 624 1986 notitiae
647 1947 679 1984 ac
702 1931 821 1984 nominis
844 1933 920 1999 apud
948 1934 1051 2001 plebem
1069 1933 1213 2001 notabat.
1256 1932 1285 1985 ti
1313 1931 1442 1986 clientelis

295 2025 351 2078 eqs.
389 2026 444 2064 non
471 2011 591 2065 multum
620 2009 760 2063 lucramur
783 2013 897 2078 recepta
920 2011 1053 2065 Italorum
1084 2013 1112 2066 et
1140 2010 1252 2067 Pitheci
1280 2008 1442 2066 coniectura

294 2090 370 2158 apud
384 2090 489 2157 plebem
502 2092 633 2159 parabat.
671 2106 737 2142 nam
754 2090 785 2143 tn·
803 2107 820 2143 a
838 2086 1023 2159 grammatica
1041 2093 1149 2146 ratione
1168 2108 1224 2146 non
1246 2091 1350 2145 babere
1367 2091 1441 2146 unde

295 2170 363 2238 stet,
383 2171 511 2238 apertum
531 2173 586 2238 est;
611 2185 702 2239 neque
726 2168 824 2225 debuit
843 2171 1019 2226 Andresenns
1041 2173 1071 2226 id
1095 2173 1169 2241 quod
1188 2170 1256 2227 olim
1274 2172 1350 2226 recte
1370 2170 1443 2227 uidit

293 2251 393 2318 postea
412 2249 451 2318 (in
473 2267 548 2305 noua
571 2249 663 2305 Taciti
687 2247 822 2304 Orelliani
846 2249 981 2321 editione)
1004 2253 1137 2308 accersito
1160 2251 1300 2307 Ciceronis
1320 2251 1442 2321 quodam

294 2329 355 2385 loeo
369 2333 425 2384 ¹sat
448 2330 542 2386 alieno
565 2348 675 2402 negare.
719 2331 743 2383 si
766 2329 853 2384 uerba
875 2329 971 2399 qualia
990 2333 1055 2385 snut
1077 2331 1184 2387 tradita
1206 2331 1335 2401 indigent
1353 2332 1443 2385 muta·

294 2411 384 2478 tione,
403 2411 475 2465 banc
494 2411 536 2465 ita
555 2411 591 2464 ad
610 2412 699 2465 artem
719 2409 878 2479 derigamus
893 2413 924 2464 ut
938 2427 1033 2466 omnes
1052 2428 1122 2481 quae
1142 2412 1244 2466 adsunt
1263 2411 1443 2467 difficultates

294 2490 440 2546 tollantur.
476 2492 550 2547 unde
574 2491 655 2562 signa
678 2489 758 2560 posui
781 2489 897 2545 lacunae
921 2489 961 2544 sic
985 2491 1042 2545 fere
1067 2493 1220 2562 explendae
1245 2493 1322 2560 apud
1339 2493 1441 2560 plebem

294 2570 450 2643 (parabat,
469 2589 538 2641 quae
556 2573 613 2626 nisi
631 2572 708 2624 uiros
725 2571 818 2624 multis
836 2575 969 2638 spectatos
985 2571 1192 2626 discriminibus
1205 2569 1282 2642 nou>
1296 2572 1442 2639 mutabat.

294 2653 324 2706 ti
343 2669 400 2721 eqs.
421 2669 492 2719 quae
512 2651 679 2708 emendandi
698 2649 770 2704 ratio
791 2648 879 2703 nihilo
898 2649 942 2704 est
960 2647 1102 2704 diffieilior
1119 2667 1202 2718 quam
1221 2666 1292 2720 quae
1311 2650 1346 2704 ab
1365 2649 1443 2706 Italis

295 2731 468 2801 Pithoeoque
487 2734 531 2787 est
549 2731 628 2786 inita.
667 2732 745 2786 amat
763 2731 856 2783 autem
877 2729 992 2784 Tacitus
1016 2730 1150 2800 longioris
1169 2729 1290 2785 ambitus
1312 2729 1444 2785 ulbmum

295 2811 376 2866 colon
398 2810 497 2866 fulcire
522 2811 575 2866 tali
598 2811 708 2865 addito:
738 2810 772 2864 ef.
798 2827 839 2864 ex.
858 2827 897 2880 gr.
917 2808 948 2864 in
965 2810 1019 2866 fine
1039 2827 1062 2865 o.
1083 2817 1116 2866 37
1140 2810 1176 2865 ad
1196 2809 1268 2864 illud
1286 2811 1318 2864 in
1336 2827 1381 2866 ore
1399 2813 1443 2866 to·

294 2892 399 2947 rninnrn
417 2894 477 2961 agit
495 2891 637 2946 adiectum
655 2891 711 2945 iam
730 2906 845 2960 qnornrn
863 2907 895 2946 ea
915 2923 947 2930 -
967 2892 1061 2946 uelint.

366 2977 400 3026 24
424 2974 493 3041 quin
518 2974 598 3026 immo
623 2972 677 3026 sibi
702 2972 758 3039 ipsi
775 2978 980 3039 persuaserant.
1023 2971 1100 3026 nullo
1129 2973 1213 3041 paeto
1240 2970 1311 3026 baec
1341 2972 1443 3028 referre

295 3050 364 3106 licet
382 3051 418 3106 ad
437 3054 574 3121 oratores,
594 3069 712 3122 quorum
730 3051 810 3105 illam
823 3051 910 3107 fuisse
925 3051 1134 3123 persuasionem
1148 3052 1223 3106 ultro
1241 3051 1346 3121 pateat.
1375 3054 1444 3122 qnid

295 3134 389 3187 autem
408 3132 598 3201 proficiamus,
618 3131 642 3184 si
655 3146 746 3185 ornnes
764 3133 814 3185 aut
832 3136 950 3188 auctore
960 3133 1120 3189 Andreseno
1136 3123 1200 3187 ante
1215 3132 1283 3201 quin
1296 3131 1445 3188 inserimus

292 3213 345 3266 'aut
367 3209 510 3264 Halmium
539 3209 629 3264 secuti
652 3225 685 3262 ex
707 3211 788 3264 irnnro
811 3210 951 3279 elicimus,
975 3229 1031 3266 non
1053 3213 1199 3281 adsequor.
1233 3227 1299 3281 ergo
1318 3207 1445 3282 proceres

296 3289 406 3358 addidi3
426 3290 513 3358 quod,
532 3290 557 3344 si
579 3289 731 3359 perlegeris
755 3292 862 3345 attente
887 3293 981 3347 omnia
1004 3309 1075 3362 quae
1100 3289 1274 3347 subiciuntur
1295 3309 1384 3362 usque
1407 3291 1444 3348 ud

296 3369 398 3440 eapitis
422 3375 454 3423 et
479 3370 567 3424 uerba
585 3387 713 3440 magnam
732 3372 885 3441 potentiani
903 3374 961 3428 sine
980 3374 1076 3443 aliqua
1094 3373 1246 3442 eloquentia
1265 3379 1443 3442 consecutum,

296 3451 370 3504 ultro
390 3450 418 3502 te
438 3449 562 3504 omnium
582 3450 759 3522 aptissimum
778 3451 940 3520 agniturum
960 3471 1019 3508 esse
1039 3452 1105 3508 scio.

369 3535 402 3584 at
424 3546 483 3584 cum
497 3547 601 3600 parurn
620 3537 685 3586 esset
706 3533 739 3587 in
760 3537 857 3587 senatu
876 3533 993 3588 breuiter
1012 3548 1128 3598 censere,
1151 3532 1207 3586 nisi
1225 3533 1273 3601 qni
1291 3533 1401 3601 inpcnio
1419 3537 1445 3587 et
1483 3569 1503 3592 ,.

296 3612 449 3681 eloquentia
467 3614 628 3668 sententian
645 3629 723 3669 saara
742 3619 870 3669 tueretur.
908 3613 987 3669 uaria
1005 3616 1072 3668 sunt
1090 3614 1236 3668 doctorum
1256 3613 1290 3668 de
1308 3613 1363 3667 hoc
1382 3613 1443 3668 loco

296 3691 409 3748 iudicia.
452 3694 480 3746 et
504 3694 622 3750 breuiter
645 3694 757 3764 quidem
781 3711 926 3764 perperam
955 3693 1038 3750 eiecit
1064 3711 1079 3748 e
1109 3695 1188 3747 textu
1216 3694 1249 3748 R.
1275 3693 1443 3764 Schoellius3

296 3773 495 3843 interpretare:
524 3790 580 3828 non
604 3773 762 3828 sufficiebat
783 3773 881 3844 paucis
904 3773 997 3828 uerbis
1021 3773 1113 3829 dicere
1137 3773 1246 3828 ‘censeo
1266 3774 1318 3828 hoc
1336 3771 1444 3827 illudue

298 3871 357 3909 esse
374 3853 546 3909 faciendum'
568 3854 748 3922 (contrarium
763 3855 814 3922 est,
833 3855 865 3908 ut
878 3855 1005 3924 plerique
1024 3854 1163 3922 uiderunt,
1183 3853 1257 3922 quod
1274 3871 1297 3908 c.
1312 3859 1345 3907 41
1366 3854 1445 3908 extat

298 3934 386 4003 longis
404 3935 436 3988 iu
454 3937 551 3987 senatu
569 3935 734 4002 sententiis),
754 3934 802 3987 sed
822 3933 942 4002 debebat
960 3935 1009 4003 qui
1024 3933 1131 3989 censuit
1145 3933 1318 4003 argumentis
1336 3932 1443 3987 uerbis-

298 4014 399 4083 quaet
422 4013 485 4068 loco
510 4013 539 4066 et
561 4013 704 4082 proposito
724 4013 797 4082 aptis
816 4013 983 4068 sententiam
1008 4012 1115 4068 fulcire.
1152 4029 1234 4082 porro
1253 4012 1396 4068 Vahlenns
1414 4013 1444 4068 in

297 4093 354 4147 illis
373 4093 496 4163 riniani
516 4123 547 4131 -
567 4098 688 4148 tueretur
706 4093 921 4162 deprehendisse
945 4093 998 4147 sibi
1020 4092 1098 4147 uisus
1120 4095 1164 4149 est
1182 4091 1368 4148 centesimum
1387 4111 1444 4148 ser-

297 4173 388 4228 monis
415 4172 497 4226 latini
522 4189 640 4241 morem,
666 4171 794 4227 adferens
819 4174 892 4228 inter
917 4173 974 4227 alia
998 4172 1158 4227 Plautinum
1180 4189 1237 4228 non
1259 4174 1328 4228 satis
1350 4173 1381 4227 id
1407 4177 1445 4227 est

296 4253 364 4306 mali
382 4254 414 4306 ni
431 4254 512 4307 etiarn
526 4253 655 4322 „amplius
678 4253 750 4321 quod
769 4254 878 4319 estitit,
902 4252 1049 4307 Liuianum
1073 4255 1200 4324 temptam
1218 4255 1325 4308 uiolare
1338 4269 1443 4322 parurn

296 4333 430 4400 tabuisse,
449 4333 507 4387 nisi
524 4334 664 4388 detersisset
681 4334 757 4401 faede
775 4350 808 4388 ac
821 4350 909 4404 prope
927 4334 1069 4400 diruisset,
1089 4334 1210 4390 Senecae
1223 4351 1326 4402 parurn
1344 4339 1383 4388 est
1400 4333 1445 4388 illi

297 4431 392 4483 capere
412 4416 550 4486 patriam,
576 4416 633 4470 nisi
657 4415 778 4470 uerterit.
820 4415 945 4484 neglegit
968 4415 1062 4468 autem
1089 4413 1134 4468 uir
1155 4415 1208 4470 iste
1236 4415 1348 4482 doetus,
1374 4414 1444 4468 haee

298 4493 408 4564 aliaque
427 4495 468 4550 ita
487 4497 649 4565 comparata
667 4511 741 4564 esse,
767 4496 799 4549 ut
816 4493 891 4551 idem
909 4494 940 4548 in
957 4493 1046 4550 altero
1065 4495 1190 4551 membro
1213 4496 1358 4549 remaneat
1380 4493 1443 4548 sub-
