<?xml version="1.0" encoding="UTF-8"?>
<!DOCTYPE html PUBLIC "-//W3C//DTD XHTML 1.0 Transitional//EN"
    "http://www.w3.org/TR/xhtml1/DTD/xhtml1-transitional.dtd">
<html xmlns="http://www.w3.org/1999/xhtml" xml:lang="en" lang="en">
 <head>
  <title>
</title>
<meta http-equiv="Content-Type" content="text/html;charset=utf-8" />
  <meta name='ocr-system' content='tesseract 3.04.00' />
  <meta name='ocr-capabilities' content='ocr_page ocr_carea ocr_par ocr_line ocrx_word'/>
</head>
<body>
  <div class='ocr_page' id='page_1' title='image "./corneliitacitid03tacigoog_0048.png"; bbox 0 0 3270 5168; ppageno 0'>
   <div class='ocr_carea' id='block_1_1' title="bbox 559 405 1314 473">
    <p class='ocr_par' dir='ltr' id='par_1_1' title="bbox 559 405 1314 473">
     <span class='ocr_line' id='line_1_1' title="bbox 559 405 1314 473; baseline 0.016 -12"><span class='ocrx_word' id='word_1_1' title='bbox 559 407 741 463; x_wconf 75' lang='lat' dir='ltr'><strong>DIALOGVS</strong></span> <span class='ocrx_word' id='word_1_2' title='bbox 761 409 790 464; x_wconf 82' lang='lat' dir='ltr'><strong>e.</strong></span> <span class='ocrx_word' id='word_1_3' title='bbox 810 405 923 464; x_wconf 77' lang='lat'>40-4&#39;2.</span> <span class='ocrx_word' id='word_1_4' title='bbox 1270 410 1314 473; x_wconf 87' lang='lat'><strong>43</strong></span> 
     </span>
    </p>
   </div>
   <div class='ocr_carea' id='block_1_2' title="bbox 128 572 1367 2149">
    <p class='ocr_par' dir='ltr' id='par_1_2' title="bbox 128 572 1367 2149">
     <span class='ocr_line' id='line_1_2' title="bbox 171 572 1315 658; baseline -0.002 -19"><span class='ocrx_word' id='word_1_5' title='bbox 171 596 253 658; x_wconf 88' lang='lat' dir='ltr'><strong>opus</strong></span> <span class='ocrx_word' id='word_1_6' title='bbox 281 578 332 638; x_wconf 88' lang='lat' dir='ltr'><strong>est</strong></span> <span class='ocrx_word' id='word_1_7' title='bbox 359 572 564 637; x_wconf 75' lang='lat' dir='ltr'><strong>disertissimi</strong></span> <span class='ocrx_word' id='word_1_8' title='bbox 591 572 666 657; x_wconf 91' lang='lat' dir='ltr'><strong>uiri,</strong></span> <span class='ocrx_word' id='word_1_9' title='bbox 694 572 722 636; x_wconf 93' lang='lat' dir='ltr'><strong>si</strong></span> <span class='ocrx_word' id='word_1_10' title='bbox 746 576 803 637; x_wconf 90' lang='lat' dir='ltr'><strong>aut</strong></span> <span class='ocrx_word' id='word_1_11' title='bbox 825 595 883 638; x_wconf 89' lang='lat' dir='ltr'><strong>uos</strong></span> <span class='ocrx_word' id='word_1_12' title='bbox 906 572 1068 657; x_wconf 89' lang='lat' dir='ltr'><strong>prioribus</strong></span> <span class='ocrx_word' id='word_1_13' title='bbox 1098 573 1234 638; x_wconf 84' lang='lat' dir='ltr'><strong>saeculis</strong></span> <span class='ocrx_word' id='word_1_14' title='bbox 1258 577 1315 638; x_wconf 89' lang='lat' dir='ltr'><strong>aut</strong></span> 
     </span>
     <span class='ocr_line' id='line_1_3' title="bbox 170 667 1314 766; baseline 0 -22"><span class='ocrx_word' id='word_1_15' title='bbox 170 681 221 745; x_wconf 87' lang='lat' dir='ltr'><strong>illi</strong></span> <span class='ocrx_word' id='word_1_16' title='bbox 244 703 325 766; x_wconf 91' lang='lat' dir='ltr'><strong>quos</strong></span> <span class='ocrx_word' id='word_1_17' title='bbox 349 680 505 744; x_wconf 85' lang='lat' dir='ltr'><strong>miramur</strong></span> <span class='ocrx_word' id='word_1_18' title='bbox 526 667 577 743; x_wconf 81' lang='lat' dir='ltr'><strong>his</strong></span> <span class='ocrx_word' id='word_1_19' title='bbox 601 679 673 744; x_wconf 89' lang='lat' dir='ltr'><strong>nati</strong></span> <span class='ocrx_word' id='word_1_20' title='bbox 696 683 805 744; x_wconf 87' lang='lat' dir='ltr'><strong>essent</strong></span> <span class='ocrx_word' id='word_1_21' title='bbox 828 684 884 745; x_wconf 89' lang='lat' dir='ltr'><strong>aut</strong></span> <span class='ocrx_word' id='word_1_22' title='bbox 912 680 990 744; x_wconf 90' lang='lat' dir='ltr'><strong>deus</strong></span> <span class='ocrx_word' id='word_1_23' title='bbox 1006 679 1137 763; x_wconf 69' lang='lat' dir='ltr'><strong>⁴aliquis</strong></span> <span class='ocrx_word' id='word_1_24' title='bbox 1166 680 1252 744; x_wconf 90' lang='lat' dir='ltr'><strong>uitas</strong></span> <span class='ocrx_word' id='word_1_25' title='bbox 1276 702 1314 745; x_wconf 88' lang='lat' dir='ltr'><strong>ae</strong></span> 
     </span>
     <span class='ocr_line' id='line_1_4' title="bbox 172 786 1313 871; baseline -0.002 -19"><span class='ocrx_word' id='word_1_26' title='bbox 172 789 310 868; x_wconf 88' lang='lat' dir='ltr'><strong>[uestra]</strong></span> <span class='ocrx_word' id='word_1_27' title='bbox 333 790 481 869; x_wconf 88' lang='lat' dir='ltr'><strong>tempora</strong></span> <span class='ocrx_word' id='word_1_28' title='bbox 503 789 634 868; x_wconf 89' lang='lat' dir='ltr'><strong>repente</strong></span> <span class='ocrx_word' id='word_1_29' title='bbox 649 790 821 871; x_wconf 77' lang='lat' dir='ltr'><strong>mutasset,</strong></span> <span class='ocrx_word' id='word_1_30' title='bbox 842 809 900 852; x_wconf 81' lang='lat' dir='ltr'><strong>nee</strong></span> <span class='ocrx_word' id='word_1_31' title='bbox 920 786 1013 851; x_wconf 92' lang='lat' dir='ltr'><strong>uobis</strong></span> <span class='ocrx_word' id='word_1_32' title='bbox 1033 808 1159 851; x_wconf 90' lang='lat' dir='ltr'><strong>summa</strong></span> <span class='ocrx_word' id='word_1_33' title='bbox 1173 786 1229 849; x_wconf 85' lang='lat' dir='ltr'><strong>illa</strong></span> <span class='ocrx_word' id='word_1_34' title='bbox 1242 786 1313 850; x_wconf 81' lang='lat' dir='ltr'><strong>laus</strong></span> 
     </span>
     <span class='ocr_line' id='line_1_5' title="bbox 128 891 1315 978; baseline -0.003 -20"><span class='ocrx_word' id='word_1_35' title='bbox 128 910 157 950; x_wconf 78' lang='lat'><strong>²⁵</strong></span> <span class='ocrx_word' id='word_1_36' title='bbox 172 896 206 958; x_wconf 90' lang='lat' dir='ltr'><strong>et</strong></span> <span class='ocrx_word' id='word_1_37' title='bbox 229 892 333 978; x_wconf 83' lang='lat' dir='ltr'><strong>gloria</strong></span> <span class='ocrx_word' id='word_1_38' title='bbox 354 892 390 954; x_wconf 91' lang='lat' dir='ltr'><strong>in</strong></span> <span class='ocrx_word' id='word_1_39' title='bbox 413 891 597 976; x_wconf 87' lang='lat' dir='ltr'><strong>eloquentia</strong></span> <span class='ocrx_word' id='word_1_40' title='bbox 619 913 722 976; x_wconf 87' lang='lat' dir='ltr'><strong>neque</strong></span> <span class='ocrx_word' id='word_1_41' title='bbox 745 891 811 956; x_wconf 89' lang='lat' dir='ltr'><strong>illis</strong></span> <span class='ocrx_word' id='word_1_42' title='bbox 836 892 950 957; x_wconf 90' lang='lat' dir='ltr'><strong>modus</strong></span> <span class='ocrx_word' id='word_1_43' title='bbox 974 894 1007 956; x_wconf 88' lang='lat' dir='ltr'><strong>et</strong></span> <span class='ocrx_word' id='word_1_44' title='bbox 1024 894 1315 976; x_wconf 83' lang='lat' dir='ltr'><strong>temperamentum</strong></span> 
     </span>
     <span class='ocr_line' id='line_1_6' title="bbox 172 997 1346 1083; baseline -0.002 -19"><span class='ocrx_word' id='word_1_45' title='bbox 172 999 335 1064; x_wconf 82' lang='lat' dir='ltr'><strong>defuisset.</strong></span> <span class='ocrx_word' id='word_1_46' title='bbox 363 1019 449 1063; x_wconf 88' lang='lat' dir='ltr'><strong>nune</strong></span> <span class='ocrx_word' id='word_1_47' title='bbox 472 997 624 1082; x_wconf 91' lang='lat' dir='ltr'><strong>quoniam</strong></span> <span class='ocrx_word' id='word_1_48' title='bbox 646 1019 740 1063; x_wconf 90' lang='lat' dir='ltr'><strong>nemo</strong></span> <span class='ocrx_word' id='word_1_49' title='bbox 764 998 875 1063; x_wconf 91' lang='lat' dir='ltr'><strong>eodem</strong></span> <span class='ocrx_word' id='word_1_50' title='bbox 899 1002 1045 1082; x_wconf 90' lang='lat' dir='ltr'><strong>tempore</strong></span> <span class='ocrx_word' id='word_1_51' title='bbox 1064 998 1192 1083; x_wconf 89' lang='lat' dir='ltr'><strong>assequi</strong></span> <span class='ocrx_word' id='word_1_52' title='bbox 1207 1003 1316 1083; x_wconf 89' lang='lat' dir='ltr'><strong>potest</strong></span> <span class='ocrx_word' id='word_1_53' title='bbox 1344 1027 1346 1031; x_wconf 93' lang='lat'>·</span> 
     </span>
     <span class='ocr_line' id='line_1_7' title="bbox 174 1105 1315 1191; baseline 0 -21"><span class='ocrx_word' id='word_1_54' title='bbox 174 1126 326 1191; x_wconf 83' lang='lat' dir='ltr'><strong>magnam</strong></span> <span class='ocrx_word' id='word_1_55' title='bbox 349 1105 470 1169; x_wconf 87' lang='lat' dir='ltr'><strong>famam</strong></span> <span class='ocrx_word' id='word_1_56' title='bbox 488 1108 521 1168; x_wconf 91' lang='lat' dir='ltr'><strong>et</strong></span> <span class='ocrx_word' id='word_1_57' title='bbox 539 1125 692 1190; x_wconf 84' lang='lat' dir='ltr'><strong>magnam</strong></span> <span class='ocrx_word' id='word_1_58' title='bbox 707 1105 861 1190; x_wconf 81' lang='lat' dir='ltr'><strong>quietem,</strong></span> <span class='ocrx_word' id='word_1_59' title='bbox 883 1105 969 1170; x_wconf 89' lang='lat' dir='ltr'><strong>bono</strong></span> <span class='ocrx_word' id='word_1_60' title='bbox 984 1105 1103 1170; x_wconf 84' lang='lat' dir='ltr'><strong>saeculi</strong></span> <span class='ocrx_word' id='word_1_61' title='bbox 1118 1107 1168 1171; x_wconf 90' lang='lat' dir='ltr'><strong>sui</strong></span> <span class='ocrx_word' id='word_1_62' title='bbox 1182 1106 1315 1191; x_wconf 88' lang='lat' dir='ltr'><strong>quisque</strong></span> 
     </span>
     <span class='ocr_line' id='line_1_8' title="bbox 175 1210 858 1278; baseline 0.001 -1"><span class='ocrx_word' id='word_1_63' title='bbox 175 1213 256 1278; x_wconf 84' lang='lat' dir='ltr'><strong>eitra</strong></span> <span class='ocrx_word' id='word_1_64' title='bbox 279 1211 559 1278; x_wconf 82' lang='lat' dir='ltr'><strong>obtrectationem·</strong></span> <span class='ocrx_word' id='word_1_65' title='bbox 572 1210 704 1276; x_wconf 88' lang='lat' dir='ltr'><strong>alterius</strong></span> <span class='ocrx_word' id='word_1_66' title='bbox 727 1211 858 1278; x_wconf 90' lang='lat' dir='ltr'><strong>utatur’.</strong></span> 
     </span>
     <span class='ocr_line' id='line_1_9' title="bbox 262 1317 1367 1415; baseline 0.002 -33"><span class='ocrx_word' id='word_1_67' title='bbox 262 1318 407 1384; x_wconf 82' lang='lat' dir='ltr'><strong>Finierat</strong></span> <span class='ocrx_word' id='word_1_68' title='bbox 433 1317 612 1415; x_wconf 75' lang='lat' dir='ltr'><strong>Maternus,</strong></span> <span class='ocrx_word' id='word_1_69' title='bbox 639 1339 712 1382; x_wconf 88' lang='lat' dir='ltr'><strong>oum</strong></span> <span class='ocrx_word' id='word_1_70' title='bbox 735 1317 891 1384; x_wconf 85' lang='lat' dir='ltr'><strong>Messala:</strong></span> <span class='ocrx_word' id='word_1_71' title='bbox 920 1318 1026 1384; x_wconf 75' lang='lat' dir='ltr'><strong>‘erant</strong></span> <span class='ocrx_word' id='word_1_72' title='bbox 1053 1320 1169 1403; x_wconf 91' lang='lat' dir='ltr'><strong>quibus</strong></span> <span class='ocrx_word' id='word_1_73' title='bbox 1193 1318 1367 1384; x_wconf 79' lang='lat' dir='ltr'><strong>eontra-42</strong></span> 
     </span>
     <span class='ocr_line' id='line_1_10' title="bbox 172 1424 1316 1520; baseline 0.001 -30"><span class='ocrx_word' id='word_1_74' title='bbox 172 1427 323 1520; x_wconf 80' lang='lat' dir='ltr'><strong>dicerem,</strong></span> <span class='ocrx_word' id='word_1_75' title='bbox 357 1428 452 1490; x_wconf 90' lang='lat' dir='ltr'><strong>erant</strong></span> <span class='ocrx_word' id='word_1_76' title='bbox 478 1425 517 1488; x_wconf 93' lang='lat' dir='ltr'><strong>de</strong></span> <span class='ocrx_word' id='word_1_77' title='bbox 550 1424 665 1509; x_wconf 82' lang='lat' dir='ltr'><strong>quibus</strong></span> <span class='ocrx_word' id='word_1_78' title='bbox 693 1427 787 1510; x_wconf 86' lang='lat' dir='ltr'><strong>plura</strong></span> <span class='ocrx_word' id='word_1_79' title='bbox 814 1427 877 1491; x_wconf 90' lang='lat' dir='ltr'><strong>diei</strong></span> <span class='ocrx_word' id='word_1_80' title='bbox 903 1428 1034 1510; x_wconf 90' lang='lat' dir='ltr'><strong>uellem,</strong></span> <span class='ocrx_word' id='word_1_81' title='bbox 1065 1427 1129 1491; x_wconf 88' lang='lat' dir='ltr'><strong>nisi</strong></span> <span class='ocrx_word' id='word_1_82' title='bbox 1155 1426 1220 1490; x_wconf 89' lang='lat' dir='ltr'><strong>iam</strong></span> <span class='ocrx_word' id='word_1_83' title='bbox 1248 1427 1316 1512; x_wconf 67' lang='lat' dir='ltr'><strong>dies</strong></span> 
     </span>
     <span class='ocr_line' id='line_1_11' title="bbox 173 1530 1317 1617; baseline 0 -19"><span class='ocrx_word' id='word_1_84' title='bbox 173 1536 259 1598; x_wconf 90' lang='lat' dir='ltr'><strong>esset</strong></span> <span class='ocrx_word' id='word_1_85' title='bbox 285 1531 438 1597; x_wconf 82' lang='lat' dir='ltr'><strong>exactus&#39;.</strong></span> <span class='ocrx_word' id='word_1_86' title='bbox 483 1530 561 1595; x_wconf 73' lang='lat' dir='ltr'><strong>‘fiet&#39;</strong></span> <span class='ocrx_word' id='word_1_87' title='bbox 589 1532 696 1616; x_wconf 88' lang='lat' dir='ltr'><strong>inquit</strong></span> <span class='ocrx_word' id='word_1_88' title='bbox 717 1532 884 1596; x_wconf 89' lang='lat' dir='ltr'><strong>Maternus</strong></span> <span class='ocrx_word' id='word_1_89' title='bbox 912 1532 1037 1617; x_wconf 74' lang='lat' dir='ltr'><strong>‘postea</strong></span> <span class='ocrx_word' id='word_1_90' title='bbox 1065 1533 1223 1597; x_wconf 88' lang='lat' dir='ltr'><strong>arbitratu</strong></span> <span class='ocrx_word' id='word_1_91' title='bbox 1250 1536 1317 1617; x_wconf 90' lang='lat' dir='ltr'><strong>tuo,</strong></span> 
     </span>
     <span class='ocr_line' id='line_1_12' title="bbox 173 1637 1325 1723; baseline -0.002 -19"><span class='ocrx_word' id='word_1_92' title='bbox 173 1643 207 1704; x_wconf 91' lang='lat' dir='ltr'><strong>et</strong></span> <span class='ocrx_word' id='word_1_93' title='bbox 230 1640 258 1704; x_wconf 90' lang='lat' dir='ltr'><strong>si</strong></span> <span class='ocrx_word' id='word_1_94' title='bbox 282 1661 346 1722; x_wconf 92' lang='lat' dir='ltr'><strong>qua</strong></span> <span class='ocrx_word' id='word_1_95' title='bbox 368 1637 430 1702; x_wconf 95' lang='lat' dir='ltr'><strong>tibi</strong></span> <span class='ocrx_word' id='word_1_96' title='bbox 453 1638 590 1702; x_wconf 87' lang='lat' dir='ltr'><strong>obseura</strong></span> <span class='ocrx_word' id='word_1_97' title='bbox 612 1637 646 1700; x_wconf 90' lang='lat' dir='ltr'><strong>in</strong></span> <span class='ocrx_word' id='word_1_98' title='bbox 661 1637 730 1702; x_wconf 90' lang='lat' dir='ltr'><strong>&#39;hoe</strong></span> <span class='ocrx_word' id='word_1_99' title='bbox 753 1660 825 1703; x_wconf 92' lang='lat' dir='ltr'><strong>meo</strong></span> <span class='ocrx_word' id='word_1_100' title='bbox 850 1660 995 1704; x_wconf 89' lang='lat' dir='ltr'><strong>sermone</strong></span> <span class='ocrx_word' id='word_1_101' title='bbox 1014 1639 1086 1704; x_wconf 89' lang='lat' dir='ltr'><strong>uisa</strong></span> <span class='ocrx_word' id='word_1_102' title='bbox 1104 1642 1191 1723; x_wconf 89' lang='lat' dir='ltr'><strong>sunt,</strong></span> <span class='ocrx_word' id='word_1_103' title='bbox 1215 1639 1252 1702; x_wconf 91' lang='lat' dir='ltr'><strong>de</strong></span> <span class='ocrx_word' id='word_1_104' title='bbox 1276 1639 1325 1703; x_wconf 92' lang='lat' dir='ltr'><strong>iis·</strong></span> 
     </span>
     <span class='ocr_line' id='line_1_13' title="bbox 147 1743 1314 1830; baseline 0 -20"><span class='ocrx_word' id='word_1_105' title='bbox 147 1762 286 1811; x_wconf 85' lang='lat' dir='ltr'><strong>⁵rursus</strong></span> <span class='ocrx_word' id='word_1_106' title='bbox 310 1743 532 1810; x_wconf 85' lang='lat' dir='ltr'><strong>conferemus’.</strong></span> <span class='ocrx_word' id='word_1_107' title='bbox 570 1766 606 1809; x_wconf 87' lang='lat' dir='ltr'><strong>ae</strong></span> <span class='ocrx_word' id='word_1_108' title='bbox 629 1744 724 1808; x_wconf 91' lang='lat' dir='ltr'><strong>simul</strong></span> <span class='ocrx_word' id='word_1_109' title='bbox 749 1766 920 1830; x_wconf 85' lang='lat' dir='ltr'><strong>assurgens</strong></span> <span class='ocrx_word' id='word_1_110' title='bbox 945 1749 977 1810; x_wconf 91' lang='lat' dir='ltr'><strong>et</strong></span> <span class='ocrx_word' id='word_1_111' title='bbox 991 1744 1115 1829; x_wconf 87' lang='lat' dir='ltr'><strong>Aprum</strong></span> <span class='ocrx_word' id='word_1_112' title='bbox 1129 1746 1314 1829; x_wconf 86' lang='lat' dir='ltr'><strong>complexus</strong></span> 
     </span>
     <span class='ocr_line' id='line_1_14' title="bbox 174 1848 1315 1937; baseline 0 -21"><span class='ocrx_word' id='word_1_113' title='bbox 174 1851 259 1937; x_wconf 75' lang='lat' dir='ltr'><strong>‘ego&#39;</strong></span> <span class='ocrx_word' id='word_1_114' title='bbox 282 1851 387 1935; x_wconf 87' lang='lat' dir='ltr'><strong>inquit</strong></span> <span class='ocrx_word' id='word_1_115' title='bbox 414 1849 457 1915; x_wconf 74' lang='lat' dir='ltr'><strong>‘te</strong></span> <span class='ocrx_word' id='word_1_116' title='bbox 479 1855 596 1934; x_wconf 90' lang='lat' dir='ltr'><strong>poetis,</strong></span> <span class='ocrx_word' id='word_1_117' title='bbox 623 1848 764 1915; x_wconf 88' lang='lat' dir='ltr'><strong>Messala</strong></span> <span class='ocrx_word' id='word_1_118' title='bbox 787 1855 894 1915; x_wconf 88' lang='lat' dir='ltr'><strong>autem</strong></span> <span class='ocrx_word' id='word_1_119' title='bbox 918 1852 1109 1937; x_wconf 87' lang='lat' dir='ltr'><strong>antiquariis</strong></span> <span class='ocrx_word' id='word_1_120' title='bbox 1132 1852 1315 1917; x_wconf 86' lang='lat' dir='ltr'><strong>criminabi-</strong></span> 
     </span>
     <span class='ocr_line' id='line_1_15' title="bbox 172 1957 1315 2044; baseline 0 -21"><span class='ocrx_word' id='word_1_121' title='bbox 172 1957 266 2024; x_wconf 87' lang='lat' dir='ltr'><strong>mur&#39;.</strong></span> <span class='ocrx_word' id='word_1_122' title='bbox 318 1957 364 2022; x_wconf 75' lang='lat' dir='ltr'><strong>‘at</strong></span> <span class='ocrx_word' id='word_1_123' title='bbox 395 1978 456 2042; x_wconf 83' lang='lat' dir='ltr'><strong>ego</strong></span> <span class='ocrx_word' id='word_1_124' title='bbox 483 1980 541 2022; x_wconf 88' lang='lat' dir='ltr'><strong>uos</strong></span> <span class='ocrx_word' id='word_1_125' title='bbox 571 1958 754 2023; x_wconf 89' lang='lat' dir='ltr'><strong>rhetoribus</strong></span> <span class='ocrx_word' id='word_1_126' title='bbox 783 1961 815 2022; x_wconf 91' lang='lat' dir='ltr'><strong>et</strong></span> <span class='ocrx_word' id='word_1_127' title='bbox 843 1958 1045 2043; x_wconf 78' lang='lat' dir='ltr'><strong>scolasticis,&#39;</strong></span> <span class='ocrx_word' id='word_1_128' title='bbox 1077 1960 1192 2044; x_wconf 90' lang='lat' dir='ltr'><strong>inquit.</strong></span> <span class='ocrx_word' id='word_1_129' title='bbox 1242 1980 1315 2023; x_wconf 89' lang='lat' dir='ltr'><strong>eum</strong></span> 
     </span>
     <span class='ocr_line' id='line_1_16' title="bbox 172 2064 1267 2149; baseline -0.007 -18"><span class='ocrx_word' id='word_1_130' title='bbox 172 2066 372 2149; x_wconf 86' lang='lat' dir='ltr'><strong>arrisissent,</strong></span> <span class='ocrx_word' id='word_1_131' title='bbox 395 2064 611 2130; x_wconf 81' lang='lat' dir='ltr'><strong>discessimus.</strong></span> <span class='ocrx_word' id='word_1_132' title='bbox 1265 2075 1267 2079; x_wconf 87' lang='grc'><em>·</em></span> 
     </span>
    </p>
   </div>
   <div class='ocr_carea' id='block_1_3' title="bbox 177 2256 1317 2328">
    <p class='ocr_par' dir='ltr' id='par_1_3' title="bbox 177 2256 1317 2328">
     <span class='ocr_line' id='line_1_17' title="bbox 177 2256 1317 2328; baseline -0.004 -14"><span class='ocrx_word' id='word_1_133' title='bbox 177 2295 179 2300; x_wconf 90' lang='lat'>·</span> <span class='ocrx_word' id='word_1_134' title='bbox 244 2265 278 2314; x_wconf 80' lang='lat'><strong>22</strong></span> <span class='ocrx_word' id='word_1_135' title='bbox 297 2260 346 2313; x_wconf 93' lang='lat' dir='ltr'><strong>aut</strong></span> <span class='ocrx_word' id='word_1_136' title='bbox 364 2257 433 2312; x_wconf 89' lang='lat' dir='ltr'><strong>deus</strong></span> <span class='ocrx_word' id='word_1_137' title='bbox 451 2260 561 2328; x_wconf 77' lang='lat' dir='ltr'><strong>serepst:</strong></span> <span class='ocrx_word' id='word_1_138' title='bbox 581 2275 614 2311; x_wconf 88' lang='lat' dir='ltr'><strong>ae</strong></span> <span class='ocrx_word' id='word_1_139' title='bbox 633 2256 700 2311; x_wconf 88' lang='lat' dir='ltr'><strong>deus</strong></span> <span class='ocrx_word' id='word_1_140' title='bbox 716 2263 735 2310; x_wconf 89' lang='lat'>0</span> <span class='ocrx_word' id='word_1_141' title='bbox 749 2259 759 2327; x_wconf 86' lang='grc' dir='ltr'><strong>ΙΙ</strong></span> <span class='ocrx_word' id='word_1_142' title='bbox 773 2265 806 2312; x_wconf 82' lang='grc'><strong>23</strong></span> <span class='ocrx_word' id='word_1_143' title='bbox 825 2259 868 2311; x_wconf 84' lang='lat' dir='ltr'><strong>illi</strong></span> <span class='ocrx_word' id='word_1_144' title='bbox 886 2259 1030 2314; x_wconf 79' lang='lat' dir='ltr'><strong>Halmius:</strong></span> <span class='ocrx_word' id='word_1_145' title='bbox 1049 2259 1098 2312; x_wconf 88' lang='lat' dir='ltr'><strong>isti</strong></span> <span class='ocrx_word' id='word_1_146' title='bbox 1112 2260 1154 2328; x_wconf 76' lang='grc'><strong>011</strong></span> <span class='ocrx_word' id='word_1_147' title='bbox 1168 2263 1203 2312; x_wconf 78' lang='lat'><strong>24</strong></span> <span class='ocrx_word' id='word_1_148' title='bbox 1221 2258 1317 2311; x_wconf 88' lang='lat' dir='ltr'><strong>uestra</strong></span> 
     </span>
    </p>
   </div>
   <div class='ocr_carea' id='block_1_4' title="bbox 175 2341 841 2475">
    <p class='ocr_par' dir='ltr' id='par_1_4' title="bbox 175 2341 841 2475">
     <span class='ocr_line' id='line_1_18' title="bbox 175 2341 432 2406; baseline -0.008 -11"><span class='ocrx_word' id='word_1_149' title='bbox 175 2341 282 2396; x_wconf 79' lang='lat' dir='ltr'><strong>seclusit</strong></span> <span class='ocrx_word' id='word_1_150' title='bbox 291 2341 432 2406; x_wconf 74' lang='lat' dir='ltr'><strong>,Halmius</strong></span> 
     </span>
     <span class='ocr_line' id='line_1_19' title="bbox 246 2417 841 2475; baseline -0.007 -1"><span class='ocrx_word' id='word_1_151' title='bbox 246 2417 293 2475; x_wconf 73' lang='lat'><strong>42.</strong></span> <span class='ocrx_word' id='word_1_152' title='bbox 318 2425 334 2474; x_wconf 83' lang='grc'><strong>6</strong></span> <span class='ocrx_word' id='word_1_153' title='bbox 353 2420 447 2474; x_wconf 88' lang='lat' dir='ltr'><strong>autem</strong></span> <span class='ocrx_word' id='word_1_154' title='bbox 472 2418 720 2474; x_wconf 79' lang='lat' dir='ltr'><strong>Weissenbornius:</strong></span> <span class='ocrx_word' id='word_1_155' title='bbox 740 2423 841 2472; x_wconf 86' lang='lat' dir='ltr'><strong>eumo</strong></span> 
     </span>
    </p>
   </div>
   <div class='ocr_carea' id='block_1_5' title="bbox 0 0 1640 5168">
    <p class='ocr_par' dir='ltr' id='par_1_5' title="bbox 0 0 1640 5168">
     <span class='ocr_line' id='line_1_20' title="bbox 0 0 1640 5168; baseline 0 2"><span class='ocrx_word' id='word_1_156' title='bbox 0 0 1640 5168; x_wconf 95' lang='lat' dir='ltr'><strong> </strong></span> 
     </span>
    </p>
   </div>
  </div>
 </body>
</html>
