3296 5168
461 401 752 457 COMMENTARIVS
772 401 937 457 CRITICVS
956 403 984 457 C.
1006 410 1092 460 7-9.
1308 406 1367 488 59,

202 563 360 633 possedisse
380 562 493 633 Crispus
512 565 649 617 narratur,
687 563 791 617 rectius
809 561 897 632 igitur
914 581 1000 632 quam
1018 563 1149 632 Picheua,
1168 566 1218 634 qui
1236 567 1350 621 alterius

203 644 246 698 trs
268 643 384 696 alterius
406 648 446 696 ter
468 643 580 712 scripsit
601 660 657 697 non
685 644 832 699 obseruate
855 660 888 698 eo
912 642 1008 698 ordine
1030 662 1085 712 quo
1109 646 1138 700 in
1160 645 1267 716 dialogi
1285 663 1349 701 con-

203 726 283 777 textu
301 723 451 777 Marcellus
475 725 540 777 ante
564 723 693 794 Crispum
720 723 890 790 nominatur,
914 721 1025 792 Lipsius
1048 723 1126 778 dedit
1145 726 1259 780 alterim
1279 726 1349 796 (scil.

203 802 342 870 Marcelli)
363 808 402 857 ter
419 804 521 869 milies,
540 804 654 858 allerias
674 803 744 872 (scil.
766 801 864 871 Crispi)
885 804 927 857 bis
944 805 1031 858 milies
1048 806 1206 860 sestertium.

278 888 293 938 7
312 899 476 952 quamquam
495 885 532 938 ad
549 885 598 938 tos
617 885 694 953 ipsas
713 898 782 952 opes.
816 883 950 938 accedens
968 884 1124 938 rationibus
1140 885 1176 939 ab
1189 885 1349 942 Andreseuo

205 963 339 1032 expositis
363 964 427 1034 [em.
451 983 478 1033 p.
505 965 567 1035 111]
592 963 660 1018 olim
685 961 849 1032 suspicabar
871 966 1000 1033 quereiam
1023 967 1111 1020 latere
1133 965 1163 1018 in
1186 983 1351 1036 quamquam

204 1043 309 1112 (minus
336 1043 410 1096 enim
432 1042 615 1114 probabiliter
638 1045 707 1112 qaia
729 1042 926 1113 Andresenus).
967 1045 1039 1099 nihil
1062 1063 1135 1100 nuuc
1159 1047 1244 1101 muto.
1286 1065 1350 1101 nam

205 1127 239 1178 ut
256 1127 333 1178 recte
351 1124 478 1193 plerique
497 1125 679 1191 monuerunt,
704 1123 852 1192 corrigitur
872 1125 901 1178 id
919 1126 995 1193 quod
1012 1126 1156 1195 praecedit
1173 1126 1215 1180 ita
1234 1129 1265 1180 ut
1283 1143 1351 1196 opes

205 1204 355 1273 propterea
373 1203 448 1271 quod
466 1203 644 1272 eloquentiae
662 1202 797 1258 beneficio
812 1204 878 1257 sunt
891 1207 1070 1274 comparatae
1090 1207 1119 1260 et
1137 1205 1214 1276 ipsae
1233 1205 1350 1261 fortasse

205 1281 314 1350 aliquid
333 1281 371 1334 ad
389 1281 495 1336 famam
513 1283 638 1338 conterre
657 1283 794 1337 dicantur.

276 1369 310 1416 22
328 1363 546 1432 patientissimae
560 1364 621 1418 aeri
635 1365 699 1418 teme
716 1364 848 1436 intellepit
866 1371 891 1420 et
909 1371 1014 1421 ceteros.
1042 1367 1122 1435 bene,
1141 1366 1226 1428 immo
1246 1367 1351 1437 optime
1417 1393 1422 1400 ·

205 1443 396 1512 Vespasianus
415 1442 495 1498 audit
512 1442 736 1512 patientissimus
755 1445 824 1513 ueri,
843 1446 896 1500 hoc
915 1447 966 1514 est,
985 1445 1082 1514 quiid
1100 1446 1174 1512 quod
1192 1462 1291 1500 uerum
1310 1448 1352 1501 est

204 1529 277 1594 (esse
297 1523 436 1592 quaedam
455 1541 527 1593 quae
546 1540 598 1578 nec
616 1523 771 1592 imperator
788 1523 878 1593 possit
895 1526 972 1596 dare)
996 1527 1125 1580 lubenter
1147 1529 1298 1596 agnoscat3
1323 1530 1352 1582 et

203 1606 280 1659 recte
309 1603 498 1672 Wopkensius
528 1603 651 1659 Senecae
679 1605 714 1659 de
741 1605 785 1659 ira
806 1605 846 1659 III
869 1613 903 1660 36
926 1606 971 1660 fin.
997 1607 1150 1675 comparat.
1196 1607 1352 1675 superfluae

203 1684 292 1754 igitur
311 1684 376 1738 sunt
394 1684 569 1757 coniecturae
588 1687 621 1738 ut
639 1683 725 1754 aliae,
748 1685 790 1738 ita
812 1701 863 1753 per
888 1701 917 1738 se
936 1702 992 1739 non
1011 1687 1087 1740 mala
1104 1685 1226 1741 Acidalii
1244 1689 1352 1755 sapim-

202 1765 326 1818 tissimas
343 1766 391 1818 air
409 1765 438 1818 et
455 1763 558 1819 friuola
582 1765 716 1819 Urlichsii
739 1765 823 1835 [mus.
843 1763 931 1818 Rhen.
951 1765 1042 1820 XXXI
1060 1767 1125 1838 528]
1144 1768 1352 1837 potentissimas

201 1846 269 1900 aeri.
296 1875 328 1884 -
352 1844 587 1914 perprobabiIIter
615 1846 710 1899 autem
736 1844 874 1900 Knautius
898 1845 937 1916 [p.
965 1847 1010 1917 12]
1038 1847 1150 1915 statuit,
1176 1853 1201 1901 et
1223 1865 1279 1902 non
1305 1849 1351 1902 de-

201 1925 318 1979 lendum
345 1941 407 1978 esse
434 1925 548 1979 auctora
574 1925 743 1993 Puteolano,
777 1925 827 1979 sed
854 1925 1113 1980 commendantibus
1142 1927 1242 1982 ceteris
1269 1928 1351 1983 huius

202 2003 343 2059 enuntiati
366 2004 497 2058 membris
519 2005 651 2074 intellepit
674 2005 775 2060 sociari
797 2003 899 2060 debere
924 2022 1077 2074 synonymo
1101 2007 1230 2075 quodam.
1276 2009 1352 2075 quod

201 2087 285 2139 sentit
302 2084 388 2140 fuisse
406 2085 569 2139 dubitanter
588 2085 647 2154 ipae
666 2084 720 2138 sibi
738 2085 892 2154 persuasit3
911 2084 982 2139 mihi
994 2087 1046 2162 epit
1064 2087 1094 2139 et
1111 2102 1162 2154 per
1182 2104 1212 2142 se
1231 2089 1352 2144 ualidius

203 2181 264 2220 esse
284 2168 313 2220 et
331 2167 397 2220 ante
415 2171 455 2220 cet
472 2163 583 2220 facilius
603 2165 735 2220 interlabi
753 2166 878 2235 potuisse
897 2164 1018 2218 uidetur.

276 2252 310 2300 26
329 2247 472 2300 minimam
495 2246 568 2299 inter
591 2251 631 2300 tot
653 2263 687 2300 ae
709 2252 789 2301 tanta
812 2247 906 2300 locam.
950 2244 1069 2298 aliorum
1097 2245 1146 2312 qui
1173 2244 1351 2302 intolerabile

202 2327 256 2380 hoo
280 2331 319 2380 tot
342 2343 376 2381 ac
398 2331 478 2381 tanta
500 2326 684 2380 remouebant
707 2324 854 2380 conamina
878 2321 1042 2392 (Nipperdei
1066 2327 1104 2377 tot
1126 2339 1169 2378 res
1192 2341 1225 2377 ac
1250 2330 1351 2395 tantas,

205 2406 361 2461 Andreseni
380 2413 398 2462 t.
418 2424 444 2461 a.
464 2411 483 2462 t.
498 2407 638 2475 proemia,
657 2405 713 2458 mei
732 2402 820 2474 ipsius
839 2408 857 2457 t.
877 2420 902 2458 a.
923 2408 942 2456 t.
962 2405 1111 2472 commoda)
1136 2404 1262 2458 medelae
1286 2404 1351 2459 sim-

203 2485 332 2555 plicitate
352 2485 421 2540 uicIt
439 2485 582 2540 Vahlenus
606 2488 639 2553 (π
657 2487 702 2552 =)
719 2485 785 2538 baec
804 2484 869 2538 ante
888 2488 927 2537 tet
945 2482 1105 2552 inserendo,
1129 2484 1273 2554 conligens
1294 2483 1348 2540 Cic.

203 2583 255 2635 pro
273 2566 354 2621 Rosc.
374 2567 436 2620 Am.
456 2573 499 2634 32,
519 2565 746 2621 asseremus
764 2568 803 2618 tot
821 2569 846 2617 et
864 2568 957 2630 tantm
982 2562 1037 2618 Cic.
1058 2564 1139 2618 Tusc.
1160 2563 1185 2617 V
1206 2570 1248 2634 10,
1267 2571 1300 2619 29
1320 2566 1352 2620 im

203 2646 246 2700 leis
265 2650 306 2701 tot
323 2651 348 2700 et
365 2648 459 2702 tantia
785 2661 808 2712 ,‘

276 2733 291 2779 3
315 2743 399 2796 meque
421 2727 555 2782 utilitates
575 2726 663 2780 alent.
701 2725 825 2796 optimae
845 2723 995 2778 Ribbeckii
1017 2723 1099 2794 [mus.
1122 2725 1210 2778 Rhen.
1235 2724 1352 2779 XXVIII
1370 2719 1431 2771 29

205 2807 270 2876 504]
290 2807 324 2860 de
342 2808 404 2862 loco
423 2807 621 2861 difficultatum
641 2806 725 2875 pleno
744 2806 863 2875 (addant
876 2821 927 2872 pro
942 2804 1021 2858 alumi
1037 2803 1175 2863 inutiliter
1193 2804 1352 2859 coniecerat

205 2885 403 2956 Guttmannus)
423 2887 612 2957 disputationi·
626 2903 684 2940 non
701 2885 792 2939 habeo
812 2885 887 2953 quod
905 2883 1015 2940 addam.

276 2973 311 3021 20
335 2969 423 3022 omnis
445 2969 495 3023 ille
519 2969 582 3022 toas
605 2968 682 3020 intra
705 2961 791 3020 mnam
816 2970 866 3019 eat
888 2966 1004 3019 atteram
1027 2965 1099 3018 diem
1121 2967 1196 3019 aetat
1219 2966 1251 3018 im
1268 2966 1352 3019 herbo

205 3048 249 3102 uel
271 3049 338 3115 (lore
356 3053 511 3117 praecepto.
554 3064 588 3102 ex
611 3047 654 3101 his
679 3047 772 3102 uerbis
795 3061 892 3098 sanam
920 3045 1088 3113 planamque
1113 3042 1281 3099 sententiam
1303 3043 1352 3098 uix

205 3130 378 3197 extorqueas.
416 3133 440 3180 a
458 3128 545 3182 habat
559 3133 700 3198 percepta3
720 3127 768 3197 sed
787 3127 840 3180 hoe
862 3126 972 3195 ‘poetae
991 3126 1104 3180 laudem
1122 3125 1201 3181 uelut
1219 3127 1248 3180 in
1265 3126 1351 3181 herba

204 3207 250 3260 uel
273 3208 341 3263 flore
366 3206 535 3278 percipiuut'
566 3222 622 3276 qua
644 3207 753 3262 ratione
777 3206 905 3261 stabilias
929 3205 1064 3275 quibusue
1088 3207 1224 3276 exemplis
1246 3207 1351 3260 tuearis
1416 3221 1420 3231 ·

203 3287 307 3342 frustra
325 3288 443 3356 quaeris.
480 3293 507 3340 Μ
521 3289 638 3358 praebet
653 3293 813 3356 praeceptm
832 3288 880 3343 sed
898 3287 1013 3355 quinam
1032 3288 1098 3342 ants
1117 3288 1221 3342 iustum
1240 3289 1351 3357 tempus

205 3383 268 3422 eam
287 3368 400 3422 laudem
420 3367 535 3435 capiunt
553 3385 642 3436 eaque
660 3368 806 3422 fruuntur?
834 3384 924 3435 neque
942 3367 997 3436 ipsi
1010 3368 1105 3422 hercle
1119 3371 1220 3437 poetae
1238 3368 1352 3436 plenam

204 3446 280 3500 illius
304 3447 497 3503 maturitatem
521 3450 664 3517 sperantes
688 3463 778 3516 neque
803 3461 870 3501 uero
894 3447 981 3502 ceteri
1008 3447 1136 3502 homines
1163 3464 1228 3502 mox
1256 3447 1352 3503 florem

205 3526 252 3580 uix
270 3527 469 3596 pubescentem
493 3527 639 3582 incuriosis
661 3526 780 3596 pedibus
805 3528 935 3581 terentes.
973 3528 1165 3598 praecerpitur
1186 3529 1273 3597 igitur
1290 3530 1352 3583 laus

204 3605 358 3674 inmatura,
386 3611 516 3676 recteque
546 3608 674 3662 Schelius
699 3607 753 3660 hoc
784 3605 877 3674 ipsum
905 3612 1070 3675 praecerpta
1098 3608 1197 3660 Tacito
1230 3609 1353 3664 reddidit

206 3686 309 3755 (minus
328 3687 399 3741 bene
418 3687 629 3756 Peerlkampius
648 3688 817 3755 intercepta).
860 3701 1029 3755 quamquam
1053 3687 1165 3742 sublato
1188 3690 1240 3744 hoe
1263 3708 1351 3758 paruo

204 3767 274 3822 uitio
294 3785 350 3822 non
370 3767 462 3822 minus
481 3770 600 3822 obscura
619 3767 662 3821 est
679 3766 781 3834 imago.
820 3765 893 3833 quod
917 3781 972 3833 quo
994 3766 1096 3821 clarius
1113 3769 1278 3837 perspicias,
1302 3771 1350 3822 ad-

205 3848 326 3903 scribam
344 3847 493 3903 Frontonis
511 3850 604 3903 locum
624 3847 662 3917 [p.
684 3851 733 3900 102
753 3844 851 3915 Nab.]:
875 3861 955 3915 epmse
978 3847 1026 3914 qui
1048 3848 1166 3902 indolem
1184 3849 1290 3917 imperiii
1309 3851 1352 3904 tai

204 3928 235 3988 in
257 3929 377 3997 permiste
400 3931 481 3983 etiem
504 3934 562 3984 tam
585 3933 610 3982 et
632 3929 664 3980 im
677 3926 769 3980 ‘aeta
792 3932 817 3980 et
838 3929 871 3980 ia
892 3929 957 3996 flore
974 3928 1129 3994 dilexerim,
1153 3946 1228 3984 auae
1245 3931 1352 3998 srapem

204 4009 293 4076 ipsam
315 4014 440 4064 mataras
463 4009 578 4063 uirtutis
601 4021 692 4061 meam
714 4007 799 4062 multo
820 4009 956 4077 multoque
979 4009 1098 4076 amplias
1121 4009 1256 4079 dilipom?
1293 4011 1349 4064 iam

204 4088 283 4143 uides
310 4091 388 4144 imtro
410 4105 517 4158 paucos
544 4091 601 4143 dies
624 4093 789 4157 praeempta
816 4089 889 4143 stare
917 4106 973 4143 non
1001 4105 1095 4157 posse:
1136 4089 1247 4158 flagItas
1277 4092 1352 4160 ‘post

204 4185 308 4238 paucos
335 4167 436 4237 quibus
465 4169 527 4222 orta
555 4169 599 4221 est
627 4167 769 4235 creuitque
796 4167 882 4234 dics’3
908 4167 1028 4237 primum
1053 4169 1113 4222 laus
1138 4167 1266 4237 germina
1291 4171 1351 4239 agit

203 4267 291 4318 paruo
310 4251 453 4318 tempore,
471 4249 531 4302 tum
550 4247 600 4301 ubi
618 4247 667 4302 uix
685 4246 811 4302 adoleuit
828 4248 910 4317 perit.
938 4249 1034 4317 itaque
1049 4265 1112 4318 ego,
1131 4248 1179 4315 qui
1193 4248 1350 4318 templana

204 4330 391 4400 inperfectam
411 4329 661 4397 comparationem,
681 4330 792 4398 qualem
812 4328 945 4383 exhibent
963 4329 1085 4397 codices,
1105 4329 1203 4388 Tacito
1221 4325 1349 4400 inputan-

205 4411 270 4466 dam
289 4428 358 4472 esse
386 4426 522 4481 pernego,
558 4409 625 4477 post
652 4410 722 4463 diem
748 4407 853 4463 inserui
880 4409 974 4463 uirens
996 4410 1072 4476 deim
1101 4413 1212 4479 sumpto
1242 4411 1351 4465 scilicet

204 4505 239 4542 ex
265 4489 329 4559 ipsa
351 4489 473 4558 imagtne
493 4488 631 4544 uocabulo
651 4489 718 4557 apto
738 4490 767 4544 et
784 4489 891 4544 idoneo.
