3270 5168
288 430 328 492 12
795 428 913 484 TACITI

284 594 385 659 herba
407 595 459 660 uel
482 595 560 660 flore
584 598 786 680 praecerpta,
810 593 851 658 ad
873 595 997 659 nullam
1020 597 1142 660 certam
1161 597 1193 658 et
1207 595 1345 660 solidam
1360 618 1430 680 per·

285 700 375 765 uenit
402 701 542 787 frugem3
570 723 630 767 nec
658 705 714 766 aut
741 699 918 765 amicitiam
946 700 1021 765 inde
1044 701 1143 765 refert
1165 704 1222 766 aut
1246 702 1430 766 clientelam

285 809 342 870 aut
369 829 558 874 mansurum
586 809 620 872 in
644 807 753 872 annno
782 807 971 892 cuiusquam
999 807 1206 891 beneficium,
1234 808 1289 874 sed
1312 809 1430 875 clamo·

284 936 353 980 rem
376 936 496 1002 uagum
520 918 553 980 et
571 937 666 982 uoces
689 915 802 980 inanes
826 917 859 979 et
882 913 1037 999 gaudium
1055 916 1195 980 uoluere.
1226 915 1429 980 laudauimus
1444 935 1470 975 as

284 1042 389 1104 nuper
417 1025 455 1087 ut
481 1023 598 1088 miram
626 1025 659 1087 et
681 1020 832 1086 eximiam
855 1020 1050 1106 Vespasiani
1073 1020 1315 1107 liberalitatem,
1344 1023 1428 1108 quod

285 1127 465 1212 quingenta
488 1128 637 1194 sestertia
660 1126 764 1193 Basso
788 1127 949 1193 donasset.
995 1127 1141 1210 pulcrum
1165 1126 1198 1192 id
1221 1129 1360 1214 quidem,
1382 1130 1428 1194 in·

285 1235 488 1320 dulgentiam
511 1235 667 1320 principis
691 1235 822 1320 ingenio
845 1235 976 1319 mereri,
1000 1236 1122 1319 quanto
1146 1237 1255 1301 tamen
1278 1237 1430 1323 pulcrius,

285 1341 313 1405 si
340 1341 387 1406 ita
414 1363 466 1406 res
493 1339 663 1407 familiaris
696 1340 797 1423 sinat,
830 1361 863 1404 se
891 1340 997 1424 ipsum
1028 1340 1146 1422 colere,
1178 1363 1272 1406 suum
1300 1345 1430 1432 genium

285 1449 478 1533 propitiare,
495 1472 598 1514 suam
627 1446 764 1533 experiri
791 1447 1035 1512 liberalitatem!
1079 1446 1168 1516 adice
1203 1449 1288 1532 quod
1316 1449 1431 1536 poetis,
1444 1469 1470 1509 eo

286 1555 314 1617 si
343 1554 439 1620 modo
467 1555 601 1640 dignum
629 1554 750 1640 aliquid
778 1553 944 1620 elaborare
972 1556 1005 1617 et
1032 1553 1158 1619 efficere
1188 1555 1303 1641 uelint,
1336 1558 1430 1624 relin-

288 1658 417 1745 quenda
440 1663 645 1728 conuersatio
668 1662 847 1727 amicorum
870 1663 903 1725 et
924 1660 1106 1726 iocunditas
1130 1661 1232 1747 urbis,
1256 1663 1430 1730 deserenda

286 1770 393 1832 cetera
416 1767 536 1850 officia,
563 1771 662 1852 utque
685 1768 747 1852 ipsi
771 1766 896 1851 dicunt,
922 1767 958 1831 in
980 1788 1115 1833 nemora
1138 1771 1170 1832 et
1192 1768 1295 1854 lucos,
1322 1770 1356 1835 id
1380 1775 1431 1837 est

232 1873 274 1940 10
285 1872 320 1938 in
348 1873 555 1938 solitudinem
584 1873 794 1939 secedendum
818 1875 876 1938 est.
926 1895 966 1938 ne
995 1873 1105 1957 opinio
1129 1873 1257 1958 quidem
1280 1877 1432 1963 etfama,

285 1982 337 2046 cui
365 1981 427 2046 soli
443 1981 601 2046 seruiunt
627 1982 661 2044 et
688 1979 773 2064 quod
800 2001 899 2044 unum
928 2000 997 2044 esse
1029 1979 1167 2064 pretium
1191 2003 1285 2047 omne
1309 1983 1430 2050 laboris
1484 1983 1490 1996 ‘

286 2088 335 2154 sui
358 2088 513 2172 fatentur,
541 2108 641 2172 aeque
664 2089 778 2172 poetas
802 2108 900 2172 quam
923 2089 1066 2151 oratores
1091 2087 1250 2172 sequitur,
1277 2091 1430 2173 quoniam
1525 2137 1527 2142 -

284 2195 455 2261 mediocris
479 2199 592 2280 poetas
610 2214 706 2259 nemo
731 2193 837 2277 nouit,
860 2194 963 2259 bonos
987 2193 1090 2278 pauci.
1128 2195 1258 2278 quando
1277 2197 1363 2262 enim
1382 2199 1431 2265 uel

284 2303 523 2368 rarissimarum
554 2301 782 2367 recitationum
808 2299 897 2396 fama
923 2300 958 2364 in
985 2301 1089 2364 totam
1118 2300 1231 2366 urbem
1259 2305 1457 2387 penetrat?5

283 2411 403 2476 nedum
426 2414 464 2476 ut
481 2432 539 2494 per
556 2413 608 2476 tot
625 2408 811 2495 prouincias
829 2409 1021 2474 innotescat
1053 2409 1334 2494 quotusquisque,
1357 2432 1430 2477 cum

285 2539 324 2583 ex
351 2517 512 2603 Hispania
542 2517 594 2582 uel
622 2516 702 2580 Asia
730 2512 863 2600 (nequid
894 2514 932 2579 de
961 2513 1062 2580 Gallis
1090 2513 1211 2580 nostris
1240 2515 1371 2604 loquar)
1397 2518 1431 2584 in

285 2625 399 2690 urbem
422 2624 526 2708 uenit,
552 2621 694 2688 Saleium
716 2621 857 2686 Bassum
879 2619 1037 2705 requirit?
1083 2623 1181 2705 atque
1204 2622 1284 2688 adeo
1308 2624 1430 2710 siquis

280 2731 435 2816 requirit,
460 2734 497 2795 ut
519 2729 617 2794 semel
640 2728 736 2812 uidit,
759 2727 878 2792 transit
901 2731 934 2793 et
952 2730 1121 2793 contentus
1141 2731 1203 2813 est,
1226 2733 1264 2793 ut
1282 2731 1310 2794 si
1328 2732 1430 2815 pictu-

165 2867 167 2870 ·
249 2859 253 2868 ·
285 2861 356 2904 ram
380 2837 520 2923 aliquam
547 2837 598 2901 uel
622 2838 764 2901 statuam
788 2835 932 2901 uidisset.
959 2856 1063 2919 neque
1081 2833 1167 2901 hune
1185 2858 1291 2902 meum
1312 2859 1471 2905 sermo-10

284 2969 357 3013 nem
373 2946 420 3012 sic
435 2945 536 3030 accipi
550 2944 634 3029 uolo,
653 2947 820 3028 tamquam
834 2965 898 3028 eos,
908 2943 1033 3028 quibus
1048 2947 1166 3009 natura
1179 2965 1237 3009 sua
1252 2946 1430 3012 oratorium

282 3053 451 3140 ingenium
469 3051 658 3138 denegarit,
682 3050 861 3115 deterream
881 3073 901 3115 a
920 3049 1132 3135 carminibus,
1155 3051 1183 3115 si
1202 3051 1298 3117 modo
1317 3052 1351 3117 in
1368 3052 1430 3120 hac

284 3159 465 3224 studiorum
492 3161 585 3242 parte
614 3157 775 3222 oblectare
799 3156 901 3220 otium
930 3158 963 3220 et
984 3175 1102 3220 nomen
1130 3155 1272 3222 inserere
1294 3163 1431 3242 possunt

274 3253 399 3331 lamae.
445 3285 507 3350 ego
531 3285 607 3329 uero
631 3284 761 3328 omnem
785 3262 1004 3347 eloquentiam
1028 3284 1205 3347 omnesque
1228 3265 1296 3330 eius
1320 3269 1430 3351 partes

285 3393 392 3437 sacras
416 3374 449 3436 et
466 3370 666 3436 uenerabiles
684 3372 778 3455 pute,
800 3390 860 3433 nec
878 3369 982 3434 solum
1002 3369 1196 3436 cothurnum
1214 3375 1358 3438 uestrum
1373 3378 1431 3440 aut
1445 3391 1469 3431 1⁵

284 3476 406 3543 heroici
434 3477 585 3542 carminis
609 3498 738 3560 sonum,
770 3476 826 3542 sed
850 3475 1027 3560 lyricorum
1050 3498 1176 3562 quoque
1199 3478 1430 3546 iocunditatem

284 3589 318 3651 et
340 3586 505 3672 elegorum
528 3583 678 3649 lasciuiae
701 3586 735 3648 et
756 3583 941 3648 iamborum
963 3583 1210 3650 amaritudinem
1228 3590 1257 3650 et
1270 3586 1429 3672 epigram-

285 3696 408 3758 matum
432 3693 522 3757 lusus
546 3693 578 3756 et
596 3711 832 3775 quamcumque
851 3690 948 3755 aliam
967 3691 1107 3776 speciem
1125 3693 1308 3778 eloquentia
1322 3693 1430 3780 habet,

285 3799 546 3885 anteponendam
577 3798 707 3865 ceteris
725 3795 882 3862 leuiorum
915 3798 1033 3862 artium
1066 3797 1181 3864 studiis
1214 3799 1317 3866 oredo.
1373 3802 1430 3867 sed

355 3966 389 4014 00
407 3957 574 4029 praecerpta
587 3956 720 4012 &beliue
739 3956 892 4024 praecepta
904 3959 932 4007 1
949 3956 1084 4026 percepta
1096 3960 1120 4008 ll
1138 3959 1148 4026 1
1170 3962 1204 4012 00
1224 3955 1299 4011 sinat
1316 3958 1425 4029 seipsi:

284 4041 380 4111 erigat
398 4046 416 4094 0
433 4043 437 4104 1
453 4037 569 4110 genium
589 4069 621 4076 -
640 4032 842 4090 liberalitatem
860 4033 988 4105 Lipsiae:
1007 4035 1150 4105 ingenium
1165 4067 1197 4076 —
1212 4036 1371 4092 libertatem
1387 4044 1405 4092 0
1420 4041 1429 4057 ''

284 4129 318 4178 33
337 4124 422 4190 utque
441 4125 477 4173 ll:
497 4120 529 4172 ut
547 4134 618 4188 quae
636 4118 735 4185 1104
754 4116 941 4171 secedendum
960 4116 1095 4172 Sebels'ue:
1115 4117 1301 4172 recedendum
1321 4122 1339 4170 0

356 4201 404 4257 10.
423 4207 536 4256 0οωυο
554 4199 665 4268 scripsi:
686 4212 782 4251 omnes
795 4203 824 4251 Ι
842 4196 933 4253 omnis
947 4197 1024 4265 1010
1039 4211 1126 4265 aeque
1143 4197 1325 4252 Puteolanis:
1345 4201 1429 4268 atque

285 4279 467 4351 olseqnitur
483 4286 523 4334 1:
543 4277 701 4348 insequitur
718 4281 771 4348 101
790 4285 807 4332 4
826 4277 871 4332 uel
890 4277 989 4332 addidi
1006 4279 1016 4346 1
1034 4283 1050 4332 6
1069 4278 1171 4332 nedum
1190 4293 1219 4335 s:
1238 4276 1363 4332 medium
1384 4282 1402 4330 0
1420 4276 1429 4323 '·

286 4369 301 4416 7
320 4359 420 4415 Galliis
440 4361 629 4434 Scbaltinpias
645 4363 656 4430 1
673 4367 690 4416 0
708 4362 741 4414 ut
758 4359 916 4414 Anticliae:
936 4359 965 4411 et
983 4357 1026 4424 01
1045 4363 1077 4412 15
1097 4359 1243 4414 coturnum
1263 4360 1353 4428 0117
1373 4357 1428 4412 010·

286 4439 397 4512 giorum
415 4446 439 4494 ll
467 4444 473 4510 1
501 4444 532 4496 et
549 4442 659 4497 addidit
677 4441 825 4496 Acidaliae
851 4441 861 4508 1
890 4441 922 4492 18
940 4437 1027 4492 habet
1044 4439 1239 4493 Heamouuae:
1263 4437 1369 4492 habeat
1387 4439 1429 4497 01Ι

289 4527 320 4577 10
340 4521 537 4590 anteponenda
555 4521 680 4577 littteras
694 4522 700 4590 1
716 4519 853 4575 lentorum
870 4519 981 4588 scripsi:
1000 4515 1120 4573 aliarum
1138 4521 1157 4569 0
