3296 5168
312 426 355 492 68
641 424 932 483 COMMENTARIVS
952 424 1127 482 celricus,

312 587 467 644 Andreseni
486 587 527 658 [p.
549 588 677 659 liusq),
701 604 756 657 quo
779 587 926 656 inprobari
948 589 1013 642 ante
1036 588 1068 642 in
1086 587 1165 655 Apro
1184 585 1320 641 insertum
1340 585 1392 652 est,
1416 583 1464 658 in-

313 667 429 736 dignum
449 671 492 723 est
513 667 662 738 inpugnari
685 685 703 723 a
725 667 825 722 Petere
844 667 980 723 accersito
1003 667 1109 723 ironiae
1133 665 1266 722 artifieio:
1294 682 1366 734 quae
1389 682 1464 734 qno-

313 747 397 803 modo
415 748 529 803 tandem
551 747 690 804 uocabulo
712 748 788 816 quod
811 749 904 802 mente
927 746 1113 816 supplendum
1137 747 1180 804 est
1202 746 1340 815 (molere)
1367 744 1463 802 inesse

313 828 419 896 potest,
439 827 463 882 si
480 827 521 882 ibi
539 828 612 882 uude
631 827 781 896 assumitur
798 842 852 880 non
872 825 969 882 adest?
984 858 1017 868 -
1032 828 1174 896 postremo
1188 825 1333 895 quaeritur
1344 826 1462 880 rectene

313 925 331 962 a
360 908 528 963 scholasticis
554 913 582 960 n
609 925 645 962 an
667 912 691 959 lt
723 908 763 962 oh.
789 905 957 962 scholasticis
984 907 1140 962 tradiderit.
1190 905 1330 960 dirimitur
1357 903 1392 960 lis
1424 921 1462 960 eo

312 985 388 1054 quod
420 985 533 1042 Tacitus
560 986 671 1046 iuuenis
696 986 726 1040 in
752 987 805 1042 hoc
829 986 942 1058 dialogo
968 989 1033 1042 ante
1059 1003 1156 1042 omnes
1181 986 1294 1042 omnino
1324 1001 1462 1040 consonas

312 1083 399 1120 unum
417 1067 562 1136 solumque
580 1086 598 1123 a
617 1067 711 1137 posuit
730 1066 775 1134 (cl.
795 1083 818 1120 0.
839 1072 872 1120 13
891 1085 910 1121 0
927 1068 1178 1136 sollicitudinibus).

215 1169 238 1205 c
258 1149 295 1204 15
388 1151 401 1200 1
425 1151 483 1202 tum
505 1147 593 1218 Aper·
621 1165 688 1202 num
715 1147 824 1202 decima
865 1147 952 1238 uulgo
982 1164 1016 1202 ex
1041 1147 1178 1202 Italorum
1204 1146 1364 1202 coniectura
1392 1146 1458 1202 scri·

313 1229 384 1284 bunt
402 1243 459 1284 non
477 1229 590 1297 desinis·
611 1227 682 1283 mihi
699 1226 793 1298 potius
814 1226 898 1281 est
871 1245 962 1282 ursum
977 1245 1033 1282 nna
1047 1227 1159 1284 adiecta
1172 1227 1207 1283 111
1194 1227 1340 1301 tterulap
1359 1227 1461 1283 fortius

314 1307 386 1364 illud
404 1325 553 1402 numquam
570 1309 687 1366 reddere
707 1309 846 1378 scriptori.

387 1396 405 1443 4
421 1406 555 1446 neminem
572 1390 622 1446 hcc
639 1395 755 1482 tmepore
774 1393 907 1445 malorem
921 1405 976 1446 esse
988 1390 1160 1446 contenderes
1177 1390 1315 1460 amicicie,
1333 1405 1362 1444 co
1381 1387 1462 1443 usco

314 1470 451 1524 audacius
478 1472 550 1538 guod
577 1470 728 1540 maligni'
709 1485 748 1525 cn
771 1471 808 1525 iis
831 1469 987 1538 opinionem
1013 1486 1070 1526 non
1096 1471 1242 1526 uerehams
1290 1467 1462 1524 nonhabet

314 1550 451 1619 antiquis,
470 1549 543 1605 unde
561 1551 692 1620 pendeat.
728 1551 824 1618 itaque
843 1547 953 1620 Lipsius
970 1567 1067 1620 paena
1086 1551 1209 1620 antiquie
1232 1554 1312 1620 (prae
1338 1548 1462 1618 antiquis

313 1627 416 1682 maluit
442 1629 582 1701 Halmius)
610 1633 659 1688 aut
687 1630 758 1687 adeo
787 1631 971 1698 contenderes,
1002 1635 1083 1700 atque
1112 1631 1143 1684 id
1169 1646 1199 1686 eo
1226 1631 1305 1686 medo
1332 1626 1460 1686 coniecit.

315 1708 445 1777 equidem
465 1709 557 1764 deleui
576 1715 689 1768 auctore
709 1710 838 1766 Acidalio
857 1710 1000 1778 uoculam3
1019 1725 1171 1779 agnoscere
1189 1709 1264 1764 enim
1277 1707 1350 1764 mihi
1363 1706 1463 1763 uideor

314 1787 437 1857 glossam
456 1791 579 1859 antiquis
597 1793 696 1848 similis
720 1786 878 1861 adpositum
902 1788 937 1842 ad
960 1788 1045 1844 breue
1067 1788 1139 1843 illud
1162 1789 1273 1843 etcum
1295 1788 1325 1843 ui
1342 1804 1461 1844 neruosa

249 1935 253 1942 Ι
314 1868 422 1924 dictum
441 1877 582 1928 oratorem.
614 1889 685 1939 quae
705 1872 735 1926 in
752 1872 861 1925 textum
880 1870 993 1938 recepta
1012 1868 1163 1937 uestigium
1182 1867 1224 1923 sui
1242 1867 1357 1937 reliquit
1374 1867 1462 1922 etiem

314 1949 344 2002 in
362 1948 412 2003 illo
431 1950 561 2020 malignis
578 1951 615 2004 iis
634 1950 692 2005 siue
710 1951 828 2019 maligni
842 1950 874 2003 in
891 1949 940 2015 iis;
958 1965 1024 2002 nam
1043 1963 1211 2017 quamquam
1231 1948 1298 2017 quid
1312 1947 1462 2002 Henoohus

316 2027 497 2097 descripserit
515 2047 570 2086 non
586 2029 630 2085 ita
649 2031 750 2098 claret,
773 2030 827 2084 hoe
849 2030 945 2084 tamen
968 2027 1132 2097 dispicimus
1154 2028 1244 2084 inesse
1262 2027 1395 2084 litterulis
1412 2027 1463 2080 siis

315 2109 362 2164 uel
380 2110 412 2164 in
434 2110 471 2164 iis
489 2107 549 2164 eius
573 2110 649 2178 quod
671 2109 730 2164 dixi
755 2107 936 2179 glossematis
957 2109 1056 2162 nmilia
1079 2107 1275 2178 compendiose
1299 2106 1397 2177 scripti
1420 2122 1462 2162 re·

314 2189 424 2258 liquias.
472 2192 548 2246 certe
576 2191 699 2246 omnium
733 2190 838 2260 optime
870 2187 981 2258 scripsit
1014 2187 1129 2243 Tacitus
1159 2189 1277 2260 maliem
1308 2188 1463 2258 opinionon

316 2272 361 2340 (of.
386 2290 408 2329 c.
435 2280 452 2327 3
480 2274 593 2341 (obulco
619 2273 825 2343 malignorum)
853 2287 904 2325 neo
932 2269 1020 2339 probo
1049 2269 1123 2339 quod
1151 2270 1214 2339 plus
1241 2269 1306 2324 inde
1332 2267 1462 2336 elicuere,

315 2354 433 2422 maligni
459 2354 561 2409 iudicis
588 2352 744 2420 1010101100,
778 2351 896 2420 maligni
921 2351 1103 2418 suspicionem
1133 2349 1313 2417 Thomasius,
1344 2348 1463 2417 maligni

314 2433 432 2486 horninis
455 2433 592 2501 Ritterns‚
615 2435 648 2486 ut
670 2432 783 2486 mittam
810 2428 940 2484 Rhenani
965 2427 1037 2483 illud
1064 2430 1247 2500 malignitatis
1272 2429 1347 2484 male
1374 2429 1461 2498 uulgo

314 2514 467 2581 receptum.

390 2598 405 2646 6
425 2607 486 2646 cum
509 2608 566 2646 eam
588 2591 705 2662 glorium
728 2605 809 2658 qnam
832 2589 885 2644 tihi
907 2590 959 2644 alit
981 2591 1131 2648 concedunt
1153 2591 1209 2661 ipsi
1232 2591 1284 2645 tihi
1308 2590 1460 2658 dompnico

315 2671 416 2725 falsam
436 2670 495 2726 eius
514 2670 562 2740 qui
580 2669 794 2725 Perizonianum
813 2668 940 2725 excreuit
958 2671 1147 2726 coniecturam
1170 2673 1228 2740 ipsc
1248 2669 1319 2726 falso
1339 2667 1461 2724 editores

316 2768 412 2807 omnes
431 2751 554 2822 amplexi
573 2753 645 2806 sunt.
687 2749 755 2819 quid
773 2749 864 2804 enim?
884 2748 988 2817 siquis
1010 2751 1131 2821 gloriam
1149 2751 1266 2806 alicuius
1284 2747 1326 2804 rei
1343 2749 1379 2802 ab
1398 2746 1463 2802 aliie

316 2847 478 2888 concessam
496 2833 620 2898 recusat,
644 2829 744 2884 ideone
768 2825 886 2897 maligni
908 2828 1025 2886 incurrit
1048 2831 1223 2901 opinionem?
1260 2845 1350 2884 noune
1369 2827 1463 2897 potius
1560 2893 1570 2910 .

316 2911 376 2966 siue
394 2911 534 2968 modestia
558 2910 617 2966 siue
642 2913 800 2965 tenerorum
823 2906 925 2963 uirium
949 2911 1119 2967 conscientia
1140 2927 1282 2966 recusasse
1300 2907 1461 2964 uidebitur?

315 2993 376 3046 tum
399 2992 512 3046 demum
536 3008 602 3046 uere
625 2989 765 3061 malignus
789 2991 871 3057 potes
893 2991 1001 3060 putari,
1024 2993 1049 3047 si
1067 2992 1143 3062 qnod
1161 2991 1211 3047 alii
1233 2989 1288 3045 tibi
1306 2987 1463 3044 concedunt

315 3073 360 3126 his
378 3073 445 3142 ipsis
464 3073 593 3141 denegas,
613 3070 721 3125 scilieet
739 3071 771 3122 ut
789 3067 867 3124 solus
885 3068 957 3124 illud
974 3070 1029 3125 tibi
1047 3072 1159 3128 habeas.
1187 3071 1217 3125 in
1235 3069 1358 3141 genuina
1375 3067 1463 3137 igitur

315 3151 436 3208 lectione
454 3153 524 3221 ipsis
547 3156 578 3206 ln
595 3151 717 3220 primum
735 3150 804 3217 ipsis
823 3148 859 3203 ob
881 3151 1053 3219 praecedens
1076 3153 1141 3219 tihi,
1169 3150 1270 3206 deinde
1293 3156 1324 3206 tu
1348 3149 1384 3204 ob
1406 3146 1463 3216 ipsi

316 3234 476 3301 corruptum
494 3234 545 3287 est.

387 3316 403 3364 8
428 3312 559 3366 semeonis
581 3313 634 3366 mei
653 3310 854 3381 paenitentiam
877 3327 936 3381 apo.
978 3313 1051 3367 hanc
1073 3311 1226 3369 dictionem
1249 3329 1313 3367 cum
1338 3309 1461 3366 nondum

315 3391 361 3443 sat
383 3389 526 3444 luculento
550 3392 679 3462 exemplo
707 3391 820 3446 uideam
849 3388 1016 3459 stabilitam,
1044 3392 1123 3454 lubet
1151 3391 1308 3447 adscribere
1336 3389 1462 3446 Petronii

317 3469 352 3540 [0.
369 3470 432 3540 132]
452 3471 540 3526 uerba
552 3488 602 3528 nec
615 3473 706 3527 minus
724 3489 791 3542 ego.
808 3516 814 3527 .
830 3471 1045 3539 poenitentiam
1065 3488 1143 3543 apere
1160 3472 1290 3528 sermonis
1307 3473 1360 3526 mei
1377 3471 1460 3540 coepi.

389 3556 421 3605 13
449 3557 473 3606 et
492 3553 564 3621 quod
587 3553 750 3622 quibusdam
772 3545 874 3608 solocic'
896 3556 949 3618 est,
976 3554 1044 3608 mihi
1069 3559 1150 3623 auget
1177 3553 1371 3623 quaestionem,
1395 3551 1462 3620 petia

315 3629 395 3685 uideo
418 3633 501 3686 etiam
522 3634 613 3702 gratis
635 3633 766 3688 condisse
787 3637 820 3686 ut
842 3631 950 3699 longius
978 3634 1050 3688 absit
1076 3634 1208 3688 Aeschino
1235 3639 1260 3688 et
1286 3632 1462 3688 Demosthene

316 3710 449 3769 Sacerdos
473 3714 523 3768 iste
546 3713 655 3769 Nicetes
678 3719 702 3770 et
724 3713 811 3782 010010
834 3711 907 3765 alius
925 3712 1065 3782 Ephesum
1087 3714 1131 3768 uel
1150 3713 1304 3782 Mytilenas
1321 3715 1463 3768 contentus

315 3793 539 3850 scholasticorum
558 3800 582 3850 et
600 3795 764 3850 clamoribus
786 3794 876 3863 quatit
899 3810 981 3861 guam
1003 3794 1072 3861 Aser
1095 3799 1145 3848 cut
1168 3794 1323 3861 Africanus
1345 3797 1395 3847 ant
1412 3806 1462 3846 uos

315 3874 409 3942 ipsiu
429 3872 556 3930 Cicerone
574 3880 623 3930 aut
642 3875 676 3929 ab
695 3876 796 3930 Asinio
815 3874 966 3930 cecmsislis.
1003 3872 1177 3944 grauioribus
1197 3874 1394 3943 praeludamus
1412 3871 1461 3927 ab·

316 3955 450 4010 soluendo
479 3954 594 4012 minora.
640 3969 692 4023 pro
719 3955 808 4025 matis
834 3953 1006 4008 Puteolanus
1034 3953 1142 4022 Graiis,
1172 3954 1278 4010 maiore
1305 3954 1460 4010 mutatione

315 4034 456 4090 Dronkius
481 4032 596 4089 Graecis
617 4034 808 4090 restituerunt
851 4032 955 4088 etheo
981 4033 1094 4100 quidem
1120 4034 1253 4103 probauit
1275 4033 1461 4104 Nipperdeius

316 4113 421 4183 [opusc.
440 4113 515 4184 286),
534 4115 566 4168 ut
580 4115 675 4168 tamen
687 4112 748 4181 ipss
762 4114 930 4168 monstraret
944 4111 1031 4168 etiam
1044 4129 1145 4183 prosae
1160 4114 1294 4171 orationis
1308 4112 1460 4183 scriptores

316 4195 359 4260 (ut
377 4191 540 4250 Ciceronem
559 4191 683 4263 saepius,
702 4191 743 4246 ita
761 4191 913 4260 aliquando
927 4194 1066 4262 Nepotem
1084 4195 1187 4252 Melam
1207 4194 1351 4264 Senecam)
1370 4193 1460 4250 forma

316 4272 366 4328 illa
388 4272 500 4342 poetica
522 4290 580 4328 esse
604 4288 669 4326 usos
692 4269 760 4326 loeis
782 4271 836 4337 eis,
861 4272 909 4340 qui
932 4271 1024 4329 colore
1046 4273 1158 4342 poetico
1181 4274 1326 4328 nunaunt
1350 4271 1459 4328 imbuti.

316 4353 345 4406 et
368 4352 421 4407 hoc
444 4369 497 4424 ego
521 4351 648 4408 sulficere
671 4352 830 4422 putauerim
853 4352 890 4406 ad
913 4351 1061 4408 tutandum
1084 4356 1180 4410 nostro
1205 4354 1268 4410 1000
1290 4352 1459 4408 uocabulum

316 4430 433 4499 Graius,
457 4432 511 4488 etsi
534 4436 599 4504 post
621 4450 708 4490 annos
730 4432 867 4489 iuueniles
890 4448 924 4486 eo
948 4447 1005 4487 nou
1031 4450 1096 4490 usus
1125 4435 1168 4489 est
1195 4433 1317 4488 Tacitus.
1341 4463 1376 4476 -
1398 4434 1458 4488 turn

314 4517 455 4568 contentus
478 4517 525 4582 (ll)
549 4513 607 4570 siue
633 4521 778 4572 concentus
800 4516 845 4584 (ll)
872 4513 939 4583 post
966 4507 1105 4570 uiolentae
1132 4514 1257 4584 priorum
1284 4514 1459 4570 coniecturas
