3270 5168
241 382 260 444 g
760 376 879 432 rnorn

241 543 397 628 studium,
428 564 491 628 quo
519 564 585 607 non
609 542 697 608 aliud
721 543 754 605 in
777 540 908 606 ciuitate
935 545 1048 628 nostra
1071 543 1122 607 uel
1148 542 1188 606 ad
1213 543 1386 609 utilitatem

240 650 435 715 fructuosius
457 651 507 716 nel
529 651 572 716 od
592 650 781 732 uoluptatem
794 648 950 714 honestius
973 649 1024 713 uel
1048 649 1089 713 ad
1109 649 1299 735 dignitatem
1320 673 1386 715 am·

239 757 324 841 plius
343 757 394 822 uel
414 757 454 822 ad
468 757 558 822 urbis
576 757 698 821 famam
717 755 884 840 pulchrius
902 755 954 821 uel
974 754 1015 820 ad
1032 755 1132 821 totius
1146 757 1272 841 imperii
1291 760 1387 842 atque

240 863 384 928 omnium
413 864 561 949 gentium
586 864 741 929 notitiam
765 863 926 928 illustrius
951 862 1127 948 excogitari
1149 867 1265 947 potest.
1311 886 1387 929 nam

241 970 268 1034 si
287 970 327 1034 ad
346 971 520 1036 utilitatem
540 971 626 1036 uitae
646 971 755 1036 omnia
769 970 904 1036 consilia
923 970 1072 1055 factaque
1086 973 1199 1036 nostra
1214 971 1387 1055 derigenda
1402 992 1428 1031 :o

241 1081 330 1163 sunt,
353 1078 429 1164 quid
453 1082 504 1143 est
526 1079 627 1143 tutius
652 1100 749 1163 quam
774 1099 845 1142 eam
869 1098 1015 1143 exercere
1039 1079 1155 1163 artem,
1179 1101 1243 1164 qua
1262 1100 1388 1162 semper

241 1187 382 1262 armatus
406 1185 602 1269 praesidium
626 1184 737 1249 amicis
744 1234 752 1267 ,
776 1206 870 1269 opem
895 1184 1024 1268 alienis,
1050 1183 1187 1250 salutem
1206 1185 1387 1270 periclitan-

88 1369 94 1380 .
234 1292 341 1376 tibus,
364 1291 484 1356 inuidis
507 1313 584 1356 uero
608 1290 799 1355 etinimicis
819 1294 942 1356 metum
962 1293 994 1355 et
1012 1293 1169 1356 terrorem
1189 1292 1274 1357 ultro
1294 1293 1388 1378 feras,

121 1418 124 1432 “
227 1400 309 1482 ipse
333 1419 463 1463 securus
488 1400 521 1462 et
542 1398 632 1471 uelut
656 1397 795 1481 quadam
819 1399 976 1481 perpetua
999 1399 1145 1482 potentia
1168 1421 1205 1465 ac
1226 1401 1388 1483 potestate

168 1583 171 1594 Ι
240 1505 408 1569 munitus?
463 1505 553 1570 cuius
591 1503 641 1568 uis
675 1507 708 1569 et
739 1503 864 1569 utilitas
899 1505 994 1570 rebus
1027 1527 1181 1590 prospere
1213 1505 1388 1572 fluentibus
1403 1523 1429 1564 2⁵

123 1643 151 1670 Γιι·
241 1613 379 1677 aliorum
397 1612 547 1697 perfugio
566 1614 599 1676 et
612 1611 715 1676 tutela
729 1609 942 1696 intellegitur5
963 1612 1013 1676 sin
1027 1613 1194 1696 proprium
1210 1614 1388 1698 periculum

241 1719 375 1801 inrupit,
406 1740 471 1782 non
499 1718 628 1783 hercule
657 1719 760 1784 lorica
783 1721 816 1783 et
838 1719 964 1804 gladius
988 1719 1023 1783 in
1047 1720 1115 1785 acie
1138 1720 1261 1786 firmius
1286 1723 1387 1786 muni-

242 1829 386 1890 mentum
410 1847 509 1910 quam
532 1828 620 1889 reost
643 1825 842 1909 periclitanti
866 1826 1050 1908 eloquentia
1073 1827 1268 1910 praesidium
1292 1827 1389 1892 simul

242 1956 278 1998 ac
296 1933 410 2016 telum,
434 1955 498 2017 quo
521 1952 728 2017 propugnare
751 1931 874 2016 pariter
897 1936 930 1998 et
952 1932 1110 1997 incessere
1129 1932 1197 1998 siue
1217 1933 1251 1998 in
1269 1933 1388 2000 iudicio

242 2041 310 2104 siue
333 2039 366 2104 in
386 2042 500 2105 senatu
520 2039 587 2104 siue
607 2038 693 2123 apud
711 2038 891 2123 prinoipem
910 2039 1025 2123 possis.
1057 2040 1241 2125 quid-aliud
1259 2041 1388 2106 infestis
1402 2060 1428 2100 so

234 2147 388 2232 ¹patribus
402 2168 505 2231 nuper
519 2145 640 2231 Eprius
650 2144 821 2210 Marcellus
839 2167 935 2231 quam
950 2146 1169 2233 eloquentiam
1185 2169 1280 2212 suam
1291 2170 1389 2232 oppo-

242 2255 327 2320 suit?
374 2278 438 2340 qua
461 2255 625 2320 accinctus
650 2256 682 2318 et
705 2240 814 2318 minari
838 2253 991 2318 disertam
1015 2254 1158 2338 quidem,
1189 2254 1245 2319 sed
1267 2254 1389 2320 inexer-

187 2349 189 2355 ’
242 2363 374 2427 citatam
403 2365 435 2426 et
463 2361 622 2427 eiusmodi
652 2361 863 2426 certaminum
893 2362 1006 2427 rudem
1034 2360 1164 2425 Heluidi
1194 2361 1389 2446 sapientiam

242 2467 345 2532 elusit.
382 2468 476 2552 plura
500 2468 538 2531 de
562 2467 700 2532 utilitate
725 2488 791 2532 non
814 2467 901 2551 dico,
922 2469 976 2532 'cui
999 2467 1084 2551 parti
1107 2467 1239 2532 minime
1263 2471 1389 2534 contra·

199 2575 221 2638 6
246 2574 404 2640 dicturum
424 2572 608 2638 Maternum
631 2595 737 2637 meum
762 2573 910 2639 arbitror.
949 2574 990 2638 ad
1009 2571 1210 2658 uoluptatem
1230 2578 1390 2642 oratoriae

244 2681 446 2767 eloquentiae
466 2686 609 2765 transeo,
629 2681 720 2746 cuius
734 2680 915 2747 iocunditas
930 2702 996 2746 nou
1011 2703 1076 2747 uno
1091 2682 1200 2768 aliquo
1215 2687 1390 2768 momento,

227 2779 300 2852 'sed
324 2789 472 2854 omnibus
497 2811 594 2875 porro
618 2789 732 2855 diebus
756 2812 794 2855 ao
816 2811 916 2876 prope
940 2790 1089 2855 omnibus
1112 2790 1201 2856 horis
1220 2793 1390 2881 contingit.

243 2897 318 2981 quid
344 2897 430 2962 enim
453 2897 584 2972 dulcius
601 2898 704 2964 libero
728 2901 761 2963 et
784 2898 922 2984 ingenuo
947 2899 1056 2963 animo
1081 2902 1114 2963 et
1139 2897 1180 2963 ad
1204 2899 1389 2984 uoluptates

243 3004 398 3070 honestas
421 3008 499 3069 nato
524 3027 620 3088 quam
644 3004 753 3070 uidere
772 3006 902 3090 plenam
922 3026 1049 3089 semper
1067 3008 1100 3069 et
1117 3006 1320 3091 frequentem
1336 3005 1389 3072 do·
1417 3021 1429 3061 ὁ

182 3167 185 3174 .
243 3135 331 3176 mum
347 3134 439 3176 suam
455 3132 612 3176 concursu
627 3111 962 3196 splendidissimorum
976 3111 1170 3176 hominum?
1195 3112 1289 3198 idque
1309 3101 1390 3179 scire

242 3240 307 3283 non
330 3218 499 3301 pecuniae,
529 3239 595 3283 non
620 3218 752 3283 orbitati
776 3239 880 3302 neque
904 3217 1003 3282 officii
1026 3218 1160 3283 alicuius
1187 3218 1388 3284 administra-

225 3324 341 3408 tioni,
365 3324 419 3388 sed
445 3324 507 3388 sibi
530 3325 594 3409 ipsi
618 3324 709 3390 dari?
743 3323 817 3390 illos
838 3323 915 3408 quin
934 3325 1033 3390 immo
1054 3326 1149 3391 orbos
1169 3330 1201 3392 et
1215 3326 1390 3411 locupletes

243 3435 276 3496 et
304 3434 452 3524 potentes
481 3431 590 3496 uenire
618 3432 805 3526 plerumque
835 3431 875 3496 ad
902 3432 1052 3497 iuuenem
1081 3435 1113 3497 et
1140 3455 1328 3519 pauperem,
1355 3439 1392 3499 ut

77 3553 80 3560 ·
189 3583 193 3604 ,
245 3541 300 3602 aut
323 3560 382 3602 sua
405 3541 461 3602 aut
485 3538 660 3604 amicorum
685 3537 872 3604 discrimina
891 3541 1136 3608 commendanti
1171 3541 1278 3605 ullane
1296 3544 1431 3606 tanta1⁰

244 3645 422 3730 ingentium
441 3669 540 3730 opum
560 3667 596 3711 ac
615 3666 753 3732 magnae
766 3647 933 3732 potentiae
948 3648 1112 3733 uoluptas,
1132 3670 1229 3733 quam
1244 3651 1389 3732 spectare

317 3829 348 3877 17
368 3823 414 3876 ucl
434 3822 469 3876 ad
487 3823 662 3892 uoluptatem
680 3821 825 3876 honestius
844 3823 953 3878 addidit
972 3821 1161 3894 iiotnltinpiua
1179 3823 1188 3894 ΙΙ
1207 3829 1240 3879 20
1259 3824 1390 3894 factaque

244 3906 341 3958 nostra
351 3919 379 3962 s:
394 3903 508 3972 lataque
518 3919 568 3973 per
578 3906 702 3958 nostrao
716 3903 719 3978 l
732 3893 880 3974 dirigenda
889 3909 917 3972 0,
927 3905 1034 3959 correct
1046 3906 1056 3973 ΙΙ
1070 3909 1102 3957 21
1114 3901 1211 3958 utilius
1222 3904 1368 3961 Acidulins
1381 3905 1391 3978 ll

156 3975 161 3986 ’
244 3992 277 4040 23
297 3985 370 4040 seras
390 3986 516 4056 Lipsius:
536 3985 646 4038 ferato
674 3987 684 4054 l
710 3991 743 4040 26
763 3983 894 4054 profugio
913 3990 937 4036 11
959 3985 1026 4066 1127
1045 3982 1152 4054 inrupit
1175 3985 1388 4055 Weinlronsfins:

243 4065 421 4136 increpuito
456 4067 460 4134 1
494 4063 582 4120 lorica
605 4067 634 4118 et
657 4065 813 4120 Secbodius:
837 4061 979 4119 loricaeo
1011 4065 1021 4134 ll
1053 4067 1258 4122 cereostato:
1280 4083 1327 4121 reo
1347 4068 1391 4120 est

243 4147 354 4215 scripsi:
380 4163 427 4201 reo
451 4147 517 4200 eto
549 4148 559 4215 ΙΙ
581 4152 623 4202 ,29
644 4144 703 4199 siue
724 4145 864 4200 Muretus:
887 4145 972 4199 uelo
999 4145 1009 4215 l
1036 4151 1068 4199 31
1089 4145 1181 4215 eprius
1201 4161 1230 4207 ςε
1249 4146 1326 4217 prius
1343 4153 1361 4200 0
1381 4147 1390 4220 ll

245 4231 279 4279 32
299 4243 354 4294 qua
377 4226 505 4282 Ursinus:
524 4225 573 4295 qui
592 4229 634 4298 0ss
648 4232 682 4280 34
701 4224 775 4296 parti
795 4230 826 4278 0:
846 4224 951 4296 partim
970 4241 986 4284 ς

316 4306 344 4360 o.
374 4313 389 4359 2
413 4304 572 4361 iocunditas
591 4311 631 4360 M:
654 4303 837 4360 iocunditatis
861 4309 885 4358 u
915 4307 925 4375 ΙΙ
957 4311 972 4358 3
996 4321 1079 4374 porro
1102 4308 1212 4377 scripsi:
1237 4323 1323 4377 prope
1343 4313 1361 4361 0
1380 4301 1390 4376 ll

247 4391 261 4438 7
283 4400 372 4452 neque
391 4390 429 4439 u:
449 4401 506 4440 non
523 4389 567 4456 111
584 4383 837 4441 administrationis
856 4391 890 4452 0,
910 4387 1027 4441 cnrenit
1045 4389 1084 4458 5ss
1102 4393 1117 4442 8
1137 4387 1201 4442 illos
1219 4392 1258 4443 1:
1277 4385 1347 4442 istos
1365 4392 1389 4440 11

244 4479 357 4534 ιρεοες
