3270 5168
547 403 550 408 '
597 399 777 455 DIALOGVS
797 400 826 454 Ο.
847 407 960 456 36-38.
1308 402 1350 464 39

207 565 384 648 potentiam
409 565 479 628 sine
503 563 613 647 aliqua
635 543 1056 648 eloquentia'conseeutum.
1102 564 1153 628 his
1179 564 1351 629 accedebat

164 689 197 729 15
212 671 365 756 splendor
387 693 513 735 reorum
538 675 571 735 et
593 671 783 756 magnitudo
803 693 987 756 causarum,
1010 693 1090 755 quae
1110 673 1143 734 et
1160 672 1233 753 ipsa
1250 671 1349 755 pluri·

207 801 294 841 mum
318 777 521 861 eloquentiae
543 779 718 861 praestant.
764 800 839 842 nam
861 779 1000 842 multum
1023 779 1173 861 interest,
1200 780 1350 842 utrumne

207 884 245 947 de
273 883 360 948 furto
390 887 447 948 aut
473 884 612 948 formula
641 887 673 947 et
700 884 868 948 interdicto
897 885 1065 949 dicendum
1092 884 1215 948 habeas
1246 907 1288 947 an
1311 884 1349 949 de

208 990 332 1055 ambitu
362 991 580 1075 comitiorum,
612 990 824 1075 de·expilatis
849 993 942 1056 sociis
967 996 1000 1056 et
1023 991 1149 1056 ciuibus
1172 991 1349 1056 trucidatis.

208 1118 289 1178 quae
313 1097 398 1160 mala
417 1097 500 1160 sicut
521 1119 588 1161 non
612 1097 753 1162 accidere
777 1098 891 1162 melius
920 1102 971 1163 est
993 1099 1084 1181 isque
1108 1097 1249 1180 optimus
1273 1097 1349 1160 ciui-

166 1219 197 1258 πο
209 1203 287 1265 tatis
314 1205 418 1266 status
446 1202 625 1286 habendus,
652 1204 686 1266 in
714 1225 777 1287 quo
805 1203 887 1268 nihil
915 1205 980 1268 tale
1004 1203 1159 1287 patimur,
1187 1204 1246 1286 ita,
1276 1225 1349 1266 cum

206 1307 398 1392 acciderent,
427 1308 592 1394 ingentem
621 1310 824 1395 eloquentiae
852 1311 1021 1375 materiam
1049 1309 1348 1373 subministrabant.

204 1415 318 1478 crescit
345 1415 432 1479 enim
461 1438 533 1480 cum
562 1417 773 1500 amplitudine
800 1439 907 1481 rerum
935 1417 985 1481 uis
1012 1417 1146 1501 ingenii,
1178 1437 1237 1479 nec
1264 1416 1348 1498 quis-

203 1543 300 1605 quam
331 1521 452 1585 claram
481 1525 514 1586 et
537 1522 695 1586 illustrem
719 1523 899 1587 orationem
928 1523 1054 1587 efficere
1077 1526 1185 1606 potest
1207 1521 1270 1585 nisi
1293 1521 1348 1605 qui

203 1649 334 1691 causam
357 1649 468 1711 parem
491 1628 625 1692 inuenit.
662 1650 741 1713 non,
766 1630 894 1712 opinor,
917 1628 1169 1693 Demosthenem
1184 1627 1346 1696 orationes

164 1749 193 1789 25
207 1733 374 1797 illustrant
396 1754 476 1817 quas
500 1734 652 1798 aduersus
676 1738 800 1800 tutores
825 1758 899 1800 suos
923 1736 1116 1819 composuit3
1138 1756 1198 1799 nec
1222 1733 1347 1799 Cicero-

203 1861 291 1902 nem·
309 1859 464 1922 magnum
497 1842 656 1903 oratorem
688 1839 724 1903 P.
757 1838 908 1914 Quintius
940 1841 1089 1905 defensus
1120 1845 1177 1906 aut
1203 1840 1346 1905 Licinius

201 1943 339 2008 Archias
364 1944 499 2009 faciunt:
523 1943 663 2009 Catilina
686 1950 719 2008 et
738 1944 816 2009 Milo
841 1949 873 2010 et
887 1945 1004 2010 Verres
1029 1950 1061 2010 et
1075 1945 1239 2011 Antonius
1262 1947 1346 2012 hanc

200 2051 250 2114 illi
273 2049 393 2114 famam
417 2050 713 2136 circumdederunt;
736 2072 802 2116 non
827 2052 903 2136 quia
921 2053 1006 2116 tanti
1024 2053 1122 2117 fuerit
1136 2054 1182 2116 rei
1197 2053 1345 2136 publicae

200 2157 304 2222 malos
327 2157 410 2220 ferre
435 2157 536 2241 ciues,
559 2161 596 2221 ut
613 2159 744 2222 uberem
765 2156 993 2222 addicendum
1012 2159 1181 2223 materiam
1201 2163 1345 2234 oratores

162 2263 372 2349 rehaberent,
396 2264 464 2346 sed,
487 2267 524 2328 ut
543 2265 679 2328 subinde
694 2266 866 2346 admoneo,
890 2265 1089 2349 quaestionis
1104 2264 1344 2328 meminerimus

204 2371 402 2456 sciamusque
425 2393 485 2438 nos
506 2371 548 2444 de
572 2392 610 2434 ea
632 2391 667 2434 re
691 2369 794 2452 loqui,
823 2390 903 2452 quae
930 2369 1056 2432 facilins
1080 2368 1275 2432 turbidis‘et
1297 2370 1344 2434 irr-

203 2476 319 2560 quietis
348 2477 550 2561 temporibus
579 2476 697 2542 existit.
750 2476 821 2559 quis
853 2476 985 2561 ignorat
1015 2475 1126 2540 utilius
1159 2498 1196 2540 ac
1229 2476 1344 2541 melius

115 2621 118 2627 ·
201 2604 271 2647 csse
293 2584 357 2649 frui
379 2606 458 2669 pace
482 2605 577 2668 quarn
601 2582 687 2648 bello
711 2581 843 2668 uexari?
876 2583 982 2666 plures
1006 2585 1116 2646 tamen
1136 2583 1237 2648 bonos
1252 2607 1344 2668 prae-

199 2689 332 2755 liatores
355 2690 442 2754 bella
465 2712 562 2776 quarn
584 2712 649 2774 pax
672 2689 789 2754 ferunt.
821 2689 937 2753 similis
961 2690 1163 2774 eloquentiae
1187 2679 1343 2756 condicio.

161 2817 185 2858 aa
199 2818 276 2860 nam
300 2819 363 2883 quo
388 2798 516 2879 saepius
540 2796 668 2860 steterit
690 2798 855 2878 tamquam
880 2795 914 2857 in
939 2795 1006 2858 acie
1030 2815 1157 2879 quoque
1180 2797 1287 2878 plures
1311 2802 1344 2862 et

197 2903 346 2970 intulerit
363 2903 446 2968 ictus
466 2904 499 2966 et
518 2901 692 2984 exceperit,
710 2921 774 2983 quo
789 2899 926 2964 maiores
942 2900 1143 2966 aduersarios
1158 2905 1190 2964 et
1204 2903 1342 2968 acriores

197 3031 323 3094 pugnas
347 3010 505 3094 sibiipsa
528 3008 598 3072 sola
621 3007 806 3090 sumpserit,
833 3009 925 3070 tanto
950 3005 1047 3071 altior
1070 3008 1103 3070 et
1130 3007 1286 3071 excelsior
1310 3013 1343 3074 et

197 3117 262 3182 illis
290 3117 465 3183 nobilitata
492 3114 732 3179 discriminibus
760 3113 794 3177 in
818 3133 873 3177 ore
900 3112 1066 3178 hominurn
1095 3114 1178 3198 agit,
1206 3135 1341 3197 quorum

197 3244 235 3288 ea
261 3228 380 3288 natura
408 3226 469 3308 est,
497 3225 534 3286 ut
557 3221 661 3286 securi
682 3221 744 3303 qast
765 3221 900 3284 aliorum
927 3241 1045 3286 cauae
1066 3222 1207 3304 patrata
1229 3222 1341 3288 uelint.

197 3334 327 3396 transeo
357 3330 397 3394 ad
420 3330 557 3395 formam
586 3332 618 3392 et
645 3325 911 3392 consuetudinem
938 3326 1137 3393 iudiciorum.
1175 3351 1256 3412 quae
1280 3330 1394 3406 etsi38

196 3459 281 3502 nunc
305 3437 412 3520 aptior
436 3439 485 3500 est
509 3435 569 3515 [ita
592 3433 682 3518 erit],
712 3436 856 3497 ueterum
885 3433 1100 3516 eloquentiam
1124 3438 1235 3500 tamen
1258 3437 1340 3500 illud

270 3672 303 3720 14
321 3666 474 3721 accedebat
492 3669 528 3718 Νι
553 3662 669 3717 accedat
686 3666 714 3713 Π
731 3661 741 3730 1
760 3665 792 3714 15
813 3674 960 3713 causarum
977 3666 1016 3714 1:
1036 3679 1165 3716 curarum
1182 3669 1206 3714 Ν
1224 3665 1234 3731 1
1253 3669 1286 3718 18
1305 3665 1339 3718 de

196 3748 311 3802 acaum
329 3751 367 3800 1:
387 3764 437 3802 om.
456 3748 500 3814 Nl
521 3743 628 3798 ciuibus
648 3743 832 3797 Puteolanus:
853 3739 1000 3793 comitibus
1020 3746 1039 3792 0
1057 3745 1067 3810 11
1085 3748 1119 3795 20
1137 3742 1282 3796 habendus
1301 3745 1346 3797 1!

195 3826 340 3880 habendus
355 3828 400 3879 est
412 3832 436 3878 ll
449 3828 459 3896 1
473 3830 507 3879 28
521 3824 607 3877 fuerit
623 3823 801 3891 Maduiqa'us:
821 3821 875 3874 fuit
889 3825 908 3872 0
925 3825 929 3890 1
945 3821 986 3874 rei
1000 3821 1129 3889 publicae
1144 3821 1338 3878 Hecmuaaus:

195 3923 254 3959 rem
272 3906 415 3975 publicam
434 3909 524 3975 0132
545 3903 641 3958 existit
660 3902 788 3971 Lipsius:
808 3902 902 3955 extitit
916 3906 935 3953 0
949 3902 958 3970 11
973 3908 1006 3955 36
1025 3901 1145 3954 maiores
1165 3901 1339 3956 aduersarios

194 3987 392 4041 Boetticharas:
411 3987 500 4040 maior
520 3983 696 4038 aduersarius
713 3989 731 4034 0
748 3985 751 4050 1
769 3981 1058 4050 et(aelei)1l:eoll
1074 3984 1078 4049 1
1095 3981 1215 4034 acriores
1229 3997 1339 4049 pugnas
1412 4027 1415 4034 .

197 4067 324 4122 Orethus:
344 4067 433 4120 acrior
452 4066 499 4133 qui
517 4069 657 4135 pugnasti
671 4066 681 4132 11
694 4063 801 4130 37ipsa
820 4062 880 4114 sola
899 4062 1050 4130 sumpserit
1067 4063 1178 4131 scripsi:
1198 4061 1273 4130 ipsas
1293 4060 1339 4115 dc·

195 4147 343 4214 sumpserit
362 4152 380 4198 0
400 4147 471 4214 (ipse
491 4146 590 4214 ς11138
608 4143 759 4198 nobilitata
777 4143 909 4197 Latinius
927 4141 1132 4196 discriminibus
1147 4142 1271 4210 Isipsius:
1291 4158 1359 4214 κιο-Ι

194 4226 322 4280 bilitatus
341 4224 502 4278 criminibus
522 4227 611 4294 01139
630 4226 662 4278 ut
681 4240 778 4277 secura
795 4222 885 4276 uelint
903 4228 935 4286 0,
953 4223 1082 4290 suppleat

265 4305 314 4360 38.
335 4307 407 4358 2'ita
425 4305 479 4358 erit
496 4307 605 4360 seclusit
622 4303 765 4359 Droutias
781 4304 785 4370 1
801 4304 928 4355 ueterum
946 4304 979 4355 ia
997 4303 1070 4356 liaeo
1086 4303 1260 4369 praecedente
1273 4307 1338 4371 pout

195 4386 424 4440 consuetudinem
447 4386 573 4450 habeto,
596 4386 648 4440 hac
669 4399 716 4452 epo
739 4383 835 4437 uuiaet
873 4386 876 4452 1
916 4382 1105 4450 eloquentiam
1126 4383 1253 4454 Lipsius:
1281 4382 1338 4437 elo·

194 4465 309 4534 quentia
327 4470 346 4517 0
