3296 5168
300 506 303 511 ,
324 438 367 502 92
652 438 942 496 COMMENTARIVS
962 441 1137 500 ClllTICVS.

324 600 355 654 iu
374 601 432 656 acie
454 603 483 655 ct
506 601 561 657 Cic.
586 602 620 654 de
644 602 701 671 opt.
724 617 788 671 gen.
812 619 850 656 or.
871 609 901 670 6,
926 608 958 657 tt
984 603 1068 671 (unde
1091 603 1183 657 lecum
1206 606 1332 659 nostrum
1349 605 1467 660 traxisse

324 681 446 737 colorem
465 681 592 752 plerique
611 681 795 752 adnotabant)
818 698 875 736 non
898 684 970 737 em'm
992 685 1024 738 iu
1048 685 1106 738 acie
1128 689 1256 740 uersatur
1273 691 1299 740 et
1316 687 1402 754 ferro,
1420 688 1468 742 sed

323 763 405 832 quasi
421 763 538 816 rudibus
556 763 615 816 eius
633 762 718 816 eludit
735 763 832 817 oratio.

396 849 427 896 21
457 843 504 896 sed
526 843 696 897 auditorium
719 859 821 912 semper
839 845 966 914 plenum,
991 860 1093 916 semper
1115 861 1232 913 nomam,
1259 861 1292 900 en
1314 845 1420 900 inuidis
1442 849 1468 900 et

323 923 492 988 fauentibus,
510 926 542 976 ut
560 939 608 977 nco
628 923 691 976 bene
709 923 784 978 dicta
802 925 1014 979 dissimularent.
1042 925 1163 993 positum
1179 924 1208 979 in
1222 923 1303 980 initio
1317 926 1363 980 sed
1376 925 1467 979 minus

324 1001 394 1056 bene
414 1019 496 1071 quam
516 1002 637 1056 Haasius
655 1001 685 1056 in
704 1008 728 1057 et
748 1003 888 1073 schelius,
907 1005 936 1059 in
954 1005 993 1059 sio
1012 1003 1158 1059 Michaelis
1176 1004 1332 1059 mutabant.
1367 1003 1468 1060 deinde

324 1083 439 1136 mictum
458 1084 523 1153 post
540 1099 643 1137 nouum
662 1082 727 1137 addi
745 1082 837 1139 uoluit
855 1083 1030 1140 Andresenus
1051 1083 1089 1155 [p.
1111 1083 1188 1154 163],
1213 1083 1244 1136 ut
1266 1085 1342 1137 recto
1363 1082 1466 1138 iudicio

325 1161 421 1215 duram
441 1163 630 1217 membrorum
647 1163 805 1218 iuncturam
823 1180 970 1233 respuens,
994 1162 1036 1219 ita
1060 1161 1270 1233 praeteruidens
1290 1161 1366 1217 aliud
1385 1180 1468 1218 uoca-

324 1242 420 1296 bulum
444 1243 549 1298 maiore
574 1261 637 1298 cnm
660 1244 719 1298 iure
744 1260 825 1313 posse
849 1243 944 1297 uocari
966 1243 995 1298 in
1019 1243 1234 1300 dubitationem.
1276 1261 1342 1298 narn
1364 1260 1467 1299 nouum

324 1338 374 1377 nec
393 1337 444 1390 per
462 1339 491 1376 se
509 1325 616 1377 rectum
637 1325 679 1377 est
697 1323 759 1393 ipsa
777 1338 806 1376 re
826 1323 993 1390 coarguente
1011 1340 1062 1379 nec
1082 1323 1233 1394 quidquam
1255 1321 1324 1378 facit
1342 1323 1383 1378 ad
1406 1342 1468 1392 pro-

325 1403 454 1472 positum.
501 1404 676 1472 compositum
700 1420 717 1458 a
739 1419 784 1456 me
807 1402 972 1472 rescriptum
996 1402 1020 1456 si
1048 1403 1111 1472 quis
1139 1401 1245 1458 leniore
1273 1402 1468 1458 emendatione

323 1481 430 1553 poterit
448 1485 565 1551 mutere,
583 1500 628 1538 me
650 1482 766 1538 habebit
789 1482 1001 1539 adsentientem.
1043 1482 1162 1551 denique
1186 1499 1233 1538 nee
1251 1485 1321 1538 male
1338 1499 1387 1537 nec
1405 1483 1469 1537 bene

323 1565 399 1618 dicta
418 1563 562 1634 Agricola,
585 1581 634 1618 nec
658 1566 723 1619 bene
745 1581 793 1619 nee
816 1564 885 1619 male
908 1565 983 1618 dieta
1005 1562 1152 1631 Pithoeus,
1174 1580 1223 1618 nec
1246 1565 1310 1618 bene
1328 1580 1376 1618 nee
1393 1579 1469 1618 cemos

324 1645 399 1699 dieta
419 1643 592 1714 Schopenus,
616 1662 664 1700 me
688 1647 751 1700 bene
769 1661 817 1699 nco
835 1645 926 1700 minuc
951 1645 1015 1699 bene
1033 1645 1108 1699 dicta
1125 1644 1316 1712 Andresenus,
1334 1661 1383 1698 uec
1400 1645 1469 1698 rnale

324 1723 399 1777 dieta
417 1740 465 1777 uec
485 1725 548 1777 benc
567 1725 642 1779 dicta
661 1724 807 1790 Meiserus3
827 1725 991 1793 prudentius
1013 1723 1152 1794 Sauppius
1174 1724 1204 1778 in
1222 1724 1360 1779 Tullianis
1379 1725 1419 1795 [p.
1440 1724 1469 1795 i]

323 1819 372 1856 neo
391 1803 455 1857 bene
473 1805 548 1858 dieta
571 1807 768 1873 ignorarentur
790 1822 839 1858 uec
861 1805 930 1859 male
952 1807 1028 1860 dicta
1049 1807 1302 1873 dissimularentur,
1326 1821 1408 1874 quem
1428 1802 1471 1858 ita

323 1884 434 1944 secutus
454 1901 514 1936 sum
534 1885 565 1936 ut
588 1885 794 1939 dissimularent
817 1881 972 1952 antiquitus
995 1885 1129 1940 traditum
1148 1902 1203 1940 non
1222 1884 1304 1939 simul
1323 1887 1468 1940 mutarem.

395 1969 428 2018 nt
453 1969 593 2018 oratorum
617 1965 782 2032 discipulus,
809 1965 866 2031 sori
890 1965 1014 2031 auditor,
1040 1969 1155 2019 sedator
1178 1965 1351 2019 iudiciorum.
1379 1959 1470 2018 'adeo

322 2043 392 2097 haec
416 2044 502 2098 uerba
527 2042 687 2097 discindunt
710 2059 743 2097 ea
766 2060 838 2114 quae
863 2042 1014 2098 cohaerent
1041 2045 1126 2109 (unde
1150 2046 1216 2113 post
1241 2045 1341 2098 alienis
1366 2044 1469 2112 experi-

323 2125 420 2177 mentis
439 2123 584 2193 transponi
598 2122 681 2177 iussit
696 2123 862 2190 Classenusl,
881 2122 951 2178 adeo
966 2123 1037 2177 nibil
1052 2123 1196 2178 continent
1208 2123 1276 2178 noui
1296 2125 1370 2194 (uide
1385 2142 1469 2194 quam

250 2253 261 2274 ,
323 2203 440 2258 ridicule
458 2206 604 2273 repetatur
622 2205 733 2260 iuuenis
750 2205 799 2258 sub
819 2205 951 2258 eiusrnodi
972 2204 1194 2272 praeceptoribus
1218 2205 1342 2258 cruditus
1360 2205 1390 2258 et
1407 2219 1468 2258 ora-

322 2291 412 2339 torum
431 2285 607 2354 discipulus),
632 2289 663 2340 ut
685 2303 740 2340 non
761 2302 813 2355 ego
838 2284 964 2339 dubitem
986 2283 1090 2338 hebere
1114 2300 1164 2352 pro
1184 2283 1333 2354 marginali
1360 2284 1469 2353 antiqui

324 2363 442 2418 alieuius
460 2364 574 2420 lectoris
593 2365 794 2420 additamento.

395 2449 428 2498 33
456 2461 529 2499 αααα
557 2446 670 2500 decimo*
688 2446 785 2499 aetatis
813 2458 887 2498 anno
911 2442 944 2495 L.
970 2442 1085 2498 Crassus
1115 2444 1143 2498 0.
1172 2443 1334 2511 Carbonem,
1362 2460 1418 2498 uno
1445 2449 1470 2499 et

324 2525 451 2579 uicesimo
473 2524 573 2579 Cacsar
592 2524 778 2591 Dolabellam,
798 2525 883 2578 altero
902 2527 926 2576 et
944 2524 1071 2577 uicesimo
1092 2523 1210 2578 Asinius
1231 2524 1320 2579 Pollio
1341 2523 1369 2578 0.
1391 2522 1468 2579 Cato·

323 2621 396 2669 uem,
418 2619 475 2658 non
498 2606 613 2658 multum
638 2609 725 2658 aetate
751 2605 908 2658 mrteeedens
933 2601 1036 2658 Caluus
1067 2604 1211 2658 Vatinium
1237 2606 1273 2659 iis
1298 2605 1470 2660 orationibus

323 2685 439 2738 insecuti
466 2689 539 2738 eunt.
586 2683 727 2753 duplicem
755 2685 785 2736 et
812 2682 841 2736 in
867 2681 957 2736 Crassi
985 2686 1014 2739 et
1040 2683 1070 2738 in
1094 2684 1220 2740 Caesaris
1245 2685 1324 2739 annis
1348 2701 1469 2741 errorem

324 2764 424 2820 Tacito
448 2780 508 2818 esse
531 2764 727 2834 imputandum
750 2765 825 2817 recte
844 2761 971 2831 plerique
991 2781 1142 2834 negauere:
1171 2765 1205 2820 cf.
1226 2764 1339 2820 omnino
1358 2765 1469 2820 subtilis

323 2843 477 2914 Nipperdei
505 2844 659 2914 disputatio
680 2844 785 2916 [opusc.
810 2861 836 2912 p.
861 2844 1005 2914 322sqq.].
1044 2846 1093 2900 sed
1120 2862 1297 2901 numerorum
1324 2846 1413 2900 turbis
1440 2846 1469 2901 in

324 2923 464 2979 codicibus
484 2925 665 2980 sollemnibus
684 2922 862 2980 remordendis
876 2940 939 2977 cum
953 2924 1088 2980 Pithoeus
1107 2929 1136 2980 et
1149 2925 1336 2996 Nipperdeius
1356 2942 1469 2996 operam

323 3006 471 3073 nauarent,
490 3006 647 3075 grauiorem
664 3008 789 3060 statuens
805 3003 990 3070 corruptelam
1006 3007 1126 3061 Isidorus
1141 3005 1303 3076 Hilbergius
1318 3005 1469 3076 [epistulae

324 3084 436 3140 criticae
455 3105 483 3156 p.
503 3088 586 3158 5-7]
608 3087 648 3141 sie
667 3087 758 3140 lecum
778 3083 890 3138 refinxit
907 3100 979 3139 nouo
998 3086 1099 3141 decimo
1119 3088 1217 3141 aetatis
1235 3101 1309 3142 auno
1327 3083 1380 3158 (Q.
1395 3085 1469 3140 Hor-
1541 3119 1546 3128 ·

322 3165 426 3218 tensius
453 3165 570 3232 Africae
597 3179 708 3220 eausam
736 3161 891 3235 defendit),
919 3165 951 3219 L.
982 3165 1098 3222 Crassus
1126 3167 1154 3224 O.
1185 3166 1335 3222 Carbonem
1362 3183 1418 3222 cmo
1445 3170 1470 3220 et

323 3243 463 3311 uicesimo,
483 3246 568 3298 altero
586 3251 611 3298 et
634 3245 762 3298 uicesimo
785 3241 903 3296 Asinius
928 3244 1019 3301 Pollio
1043 3245 1233 3315 acaronem,
1258 3245 1359 3302 Caeam
1383 3245 1469 3300 Dola·

258 3350 261 3357 ·
323 3322 419 3376 bellam
443 3322 543 3395 (tertio
566 3329 591 3377 et
613 3322 775 3396 uicesimo),
797 3338 854 3376 mon
877 3322 992 3376 multum
1015 3340 1085 3394 eqs,
1109 3329 1141 3381 ut
1160 3328 1262 3396 'pulcra
1284 3343 1335 3396 per
1353 3343 1382 3381 se
1405 3343 1468 3396 gra-

324 3399 437 3455 datione
456 3401 497 3456 ita
515 3396 597 3457 nimis
617 3403 739 3457 uiolento
760 3405 788 3457 et
806 3400 976 3470 inprobabili
994 3406 1127 3462 remedio.

225 3505 246 3542 c.
267 3481 304 3539 ab
395 3485 411 3532 2
437 3481 610 3538 deducuntur
634 3486 665 3538 in
683 3485 742 3539 sein
762 3483 994 3550 aclmlastieorum,
1013 3487 1061 3554 qui
1078 3488 1195 3542 rhetores
1213 3492 1358 3542 uocantur.
1395 3502 1468 3540 com-

323 3562 447 3615 mentum
471 3562 605 3619 Italorum
629 3581 735 3620 scenam
759 3565 862 3634 (scenae
881 3563 1043 3634 Rhenanus)
1063 3566 1116 3620 etsi
1139 3567 1247 3636 placuit
1265 3566 1374 3635 Lipsio,
1399 3566 1469 3622 adeo

322 3640 356 3693 ut
373 3658 451 3696 suam
476 3643 563 3714 ipsius
586 3645 776 3701 coniecturam
799 3645 903 3700 artolae
922 3645 1056 3714 abiceret,
1080 3648 1175 3701 tamen
1198 3648 1234 3701 ob
1252 3648 1401 3702 uerborum
1421 3645 1469 3701 eb·

323 3723 484 3780 scuritatem
508 3727 568 3782 iure
592 3727 755 3797 refugerunt
777 3728 910 3780 recentes.
946 3741 980 3780 ex
1003 3726 1103 3794 quibus
1127 3726 1267 3796 Hauptius
1293 3727 1358 3780 forti
1385 3743 1469 3781 manu

323 3803 474 3860 rest'tuens
493 3808 524 3860 r'n
542 3807 648 3861 subolae
666 3809 780 3860 istorum
799 3804 861 3859 uitii
881 3805 1018 3875 originem
1036 3823 1092 3861 non
1111 3807 1254 3875 patefecit.
1281 3807 1421 3877 prioribus
1440 3807 1469 3862 in

323 3884 387 3954 ipsa
410 3904 439 3940 re
464 3886 598 3940 accedens
621 3885 709 3939 uerba
732 3903 776 3939 me
799 3884 947 3954 perspicua
968 3886 1122 3941 reddidisse
1144 3886 1214 3956 puto
1242 3887 1283 3941 ita
1310 3889 1341 3942 in
1365 3889 1470 3941 scholae

323 3966 501 4033 scenicorum,
532 3968 607 4019 recte
636 3965 670 4018 ut
697 3964 752 4033 ipsi
784 3966 909 4018 rhetores
932 3968 1068 4021 nocentur
1091 3966 1170 4021 mimi
1198 3969 1282 4035 atque
1310 3966 1468 4022 histriones.

324 4043 459 4099 conflatae
483 4043 547 4098 uoci
571 4045 792 4099 scholasticorum
820 4045 1009 4115 suprascripta
1036 4048 1195 4102 correctura
1222 4063 1283 4102 secu
1310 4045 1470 4117 procreauit

323 4123 472 4179 lectionem
492 4123 627 4181 codicum.

396 4212 412 4259 4
431 4207 503 4276 quod
523 4206 566 4258 M.
587 4203 685 4259 Crasso
704 4209 728 4258 et
742 4205 865 4260 Domitio
884 4207 1046 4262 censoribus.
1074 4206 1175 4261 falsum
1194 4223 1363 4276 praenomen
1381 4206 1469 4262 idem-

324 4301 378 4352 que
398 4285 568 4355 superfluum
585 4284 667 4350 (unde
681 4284 753 4338 nibil
767 4285 878 4355 proficit
891 4287 1024 4341 Pithoeus
1038 4286 1072 4340 L.
1088 4303 1139 4357 pro
1155 4288 1198 4341 M.
1212 4291 1359 4358 reponens)
1374 4289 1468 4344 delere

324 4364 414 4418 uoluit
433 4363 689 4430 Sehurzileischius;
709 4380 806 4418 uerum
827 4366 899 4420 uidit
917 4366 1072 4422 Michaelis.

394 4447 494 4498 Suam
517 4445 549 4496 in
574 4443 630 4497 loco
647 4443 718 4498 nibil
736 4448 916 4514 reuerentiae,
938 4447 985 4502 sed
1004 4448 1035 4501 in
1053 4465 1129 4517 quem
1150 4479 1178 4488 -
1200 4448 1295 4504 intrat.
1338 4448 1469 4503 uocularn

323 4523 369 4575 ced
401 4520 546 4576 Acidaliae
578 4522 624 4576 uel
657 4529 695 4578 cst
726 4524 773 4578 uel
804 4527 906 4580 scilicet
933 4525 1079 4583 scribendo
1107 4526 1315 4597 exterminauit,
1349 4527 1468 4584 delendo
