3296 5168
492 384 784 443 conunurrarvs
804 383 970 442 carneas
989 386 1017 443 c.
1038 393 1079 442 42.
1314 387 1356 452 99

212 550 384 607 accuratiore
399 565 484 618 quam
502 547 608 618 priores
628 546 787 604 conlatione
805 563 872 602 usus
891 545 962 600 nihil
981 544 1144 616 adnotat'b,
1162 546 1243 602 unius
1262 550 1357 604 tamen

210 631 276 686 libri
294 630 489 686 testimonium
508 631 605 685 contra
623 630 777 684 ceterorum
796 645 959 704 consensum
974 626 1046 682 nihil
1064 629 1176 684 omnino
1194 628 1225 682 in
1243 629 1357 699 dialogo

212 711 390 781 comprobem
414 713 446 765 ut
468 711 577 764 taceam
605 709 639 763 de
664 705 801 776 singulari
825 709 909 777 plane
940 724 1018 777 casu,
1045 725 1099 777 quo
1128 709 1239 780 integra
1267 710 1357 765 oratio

212 794 271 848 sine
290 783 355 846 ullo⁴
369 791 411 846 sui
429 790 551 860 uestigio
569 791 633 860 post
650 789 741 858 ipsum
761 787 875 842 alterius
896 788 979 842 finem
997 788 1126 858 perierit:
1154 806 1210 844 non
1228 790 1300 845 solet
1317 791 1357 845 sic

211 888 294 942 agere
318 888 410 942 casus,
433 870 548 924 sed‘ita
570 868 705 924 omittunt
728 867 764 921 de
786 866 925 922 industria
947 868 1081 923 homines.
1119 886 1200 940 porro
1223 871 1357 924 Meiserus

212 951 252 1022 [p.
272 951 317 1022 53]
342 949 413 1015 scite
437 948 649 1015 animaduertit,
675 965 697 1002 c.
720 953 753 1002 41
780 948 921 1004 continere
944 950 1003 1004 tam
1029 950 1126 1019 aptam
1145 950 1232 1005 totius
1251 950 1358 1020 dialogi

213 1032 379 1099 clausulam,
403 1030 475 1084 nihil
498 1032 531 1084 ut
554 1029 727 1084 desideretur
747 1026 882 1095 amplius;
906 1044 940 1084 ea
959 1029 1033 1084 enim
1053 1027 1245 1086 discordantes
1264 1029 1356 1099 dispu-

210 1112 332 1167 tantium
352 1112 496 1182 opiniones
515 1110 621 1180 optime
639 1109 713 1163 inter
732 1125 761 1162 se
781 1109 931 1164 conciliari.
973 1127 1056 1166 causa
1076 1112 1183 1180 autem,
1207 1128 1256 1164 cur
1281 1110 1358 1165 docti

211 1192 256 1247 illi
272 1192 359 1248 uariis
378 1191 448 1246 locis
467 1192 651 1262 agnoscerent
669 1191 790 1257 lacunas,
809 1189 880 1244 haec
898 1192 959 1245 erat
972 1191 1047 1260 quod
1062 1207 1095 1246 ea
1114 1207 1185 1260 quae
1205 1191 1357 1246 secundum

212 1276 322 1330 codices
341 1275 385 1328 est
402 1271 523 1328 Materni
542 1271 632 1326 oratio
655 1289 755 1341 parum
778 1269 916 1339 quadrare
935 1271 1078 1327 uideretur
1099 1271 1129 1326 in
1150 1272 1302 1340 imaginem
1322 1272 1356 1326 de

181 1361 185 1368 ’
211 1356 264 1410 hoc
286 1355 348 1410 uiro
372 1355 466 1408 mente
490 1356 653 1422 conceptam
678 1353 754 1422 (nam
777 1350 852 1418 quod
877 1350 1033 1406 Secundum
1057 1369 1167 1422 quoque
1190 1351 1356 1422 participem

211 1435 344 1491 sermonis
369 1451 427 1490 esse
444 1433 613 1502 uoluerunt,
637 1433 672 1487 oi.
693 1448 779 1501 supra·
798 1449 825 1501 p.
845 1434 898 1500 93).
936 1431 1094 1486 Maternum
1113 1435 1239 1503 poetam,
1262 1431 1358 1501 quiin

211 1514 419 1586 tragoediarum
439 1511 613 1585 argumentis
633 1528 693 1568 sese
712 1511 870 1566 ostenderet
888 1511 1027 1566 libertatis
1046 1513 1144 1568 centra
1161 1513 1290 1583 potentes
1309 1513 1356 1567 ad-

211 1599 357 1665 sertorem,
382 1595 578 1650 abhorrentem
602 1612 620 1649 a
641 1591 793 1647 forensium
818 1593 964 1646 causarum
990 1592 1127 1663 angustiis
1156 1595 1185 1648 et
1211 1610 1357 1649 nemorum

211 1677 292 1732 dulce
316 1677 453 1730 secretum
478 1675 676 1743 Musarumque
699 1672 896 1727 commercium
919 1675 1112 1743 appetentem,
1140 1675 1214 1729 hunc
1242 1675 1357 1743 inquam

210 1757 302 1810 uirum
326 1773 381 1810 non
404 1757 556 1825 potuerunt
578 1755 622 1809 illi
645 1753 769 1807 animum
791 1751 922 1806 inducere
945 1754 977 1806 ut
1000 1755 1118 1808 eundem
1141 1756 1273 1824 putarent
1294 1772 1357 1809 cum

212 1854 244 1892 eo
264 1837 312 1906 qui
335 1838 435 1906 postea
457 1837 516 1889 tam
540 1835 645 1890 intente
669 1836 803 1903 tantaque
828 1848 890 1886 curn
914 1833 1015 1902 peritia
1038 1833 1196 1904 disputaret
1218 1836 1357 1891 derebus

210 1919 247 1974 ad
270 1917 391 1972 oratoria
419 1915 512 1970 studia
540 1913 956 1985 pertinentibuslaudaretque
979 1915 1182 1986 Vespasianum
1212 1918 1356 1985 tamquam

211 1997 364 2071 principem
389 1995 633 2067 sapientissimum.
676 2012 772 2049 uerum
799 1995 873 2048 enirn
897 2011 964 2050 uero
992 1996 1112 2050 multum
1140 1996 1258 2052 interest
1285 1996 1358 2051 inter

210 2080 333 2151 priorem
356 2076 415 2131 eius
439 2078 594 2133 orationem
620 2079 654 2146 (c.
675 2075 798 2143 11-13)
823 2076 853 2129 et
870 2075 1054 2144 posteriorem
1073 2077 1105 2144 (c.
1126 2082 1159 2130 35
1180 2079 1248 2131 extr.
1269 2109 1302 2117 -
1322 2083 1354 2130 41

209 2161 280 2229 fin.):
308 2156 368 2216 illic
391 2148 552 2212 adamattm
581 2157 635 2212 sibi
657 2155 755 2226 poesin
779 2155 814 2208 ab
837 2153 913 2222 Apro
943 2153 1088 2210 lacessitus
1116 2153 1158 2208 ita
1182 2156 1307 2212 defendit
1325 2159 1357 2210 ut

210 2257 268 2294 non
285 2239 410 2309 potuerit
428 2255 483 2292 non
506 2237 603 2292 inuehi
625 2236 771 2306 paululum
788 2234 818 2288 in
838 2231 1028 2302 eloquentiam
1048 2234 1211 2304 oratoriam,
1233 2236 1278 2290 hic
1297 2255 1356 2291 mu-

209 2319 278 2374 tatis
301 2319 385 2388 plane
407 2317 534 2388 partibus
557 2318 590 2372 ut
604 2316 635 2370 ⁴is
660 2317 709 2386 qui
732 2315 768 2369 ad
791 2313 1012 2384 disputationem
1035 2314 1194 2369 institutam
1213 2333 1262 2385 pro
1282 2315 1357 2371 uirili

210 2401 338 2471 portione
363 2417 443 2454 suurn
467 2398 566 2453 debuit
588 2397 727 2466 conferre,
750 2395 854 2450 omissa
876 2409 948 2462 quae
972 2393 1008 2446 ab
1031 2392 1084 2447 hac
1109 2394 1273 2462 quaestione
1297 2397 1358 2450 erat

210 2481 303 2535 aliena
320 2479 446 2548 poetica,
465 2480 562 2534 sedulo
580 2479 675 2549 explet
692 2475 865 2547 prouinciam
879 2490 954 2527 nunc
968 2491 1031 2528 cum
1050 2475 1170 2536 maxime
1190 2475 1355 2544 susceptam.

212 2559 372 2614 eratenim
401 2557 544 2613 Maternus
572 2560 601 2612 et
629 2557 723 2633 orator
749 2557 779 2608 et
792 2557 901 2625 poeta:
940 2554 976 2607 ad
1001 2572 1097 2610 uersus
1123 2555 1267 2612 faciendos
1294 2575 1357 2612 eum

212 2639 298 2695 traxit
315 2638 402 2693 animi
419 2639 576 2709 mentisque
595 2638 715 2706 indoles,
739 2637 769 2690 in
792 2637 852 2690 foro
874 2637 906 2688 ut
924 2640 1083 2691 uersaretur
1102 2653 1252 2708 causasque
1272 2639 1356 2694 surci-

212 2723 291 2790 peret
310 2721 461 2790 coegerunt
483 2721 526 2789 (ut
548 2736 604 2774 non
622 2719 717 2788 inepte
731 2718 894 2789 suspiceris)
914 2736 1006 2774 rerum
1026 2719 1173 2788 angustiae
1191 2723 1356 2790 paupertas-

211 2819 273 2870 que.
314 2817 365 2854 nec
393 2801 488 2853 tamen
517 2816 580 2853 eum
607 2801 752 2866 tamquam
779 2798 948 2868 primoribus
977 2799 1062 2852 labris
1090 2799 1217 2868 attigisse
1246 2801 1357 2855 dicendi

211 2881 304 2936 studia
323 2882 352 2936 et
368 2880 459 2936 inuita
478 2879 604 2934 Minerua
623 2878 747 2935 extitisse
766 2879 952 2949 causidicum,
976 2879 1025 2934 sed
1049 2880 1138 2949 egisse
1156 2881 1186 2934 id
1204 2881 1281 2950 quod
1299 2883 1358 2952 egit

211 2962 371 3030 clarumque
390 2961 419 3014 in
438 2961 492 3015 hac
515 2978 626 3029 quoque
650 2959 820 3030 professione
839 2977 941 3016 nomen
960 2961 1093 3030 adeptum
1118 2977 1191 3030 esse,
1215 2961 1357 3031 quodnam

210 3042 300 3096 maius
318 3041 488 3112 grauiusque
510 3040 589 3094 adest
612 3041 808 3095 documentum
834 3058 918 3110 quam
939 3041 1016 3110 quod
1033 3043 1110 3110 Aper
1128 3041 1204 3095 omni
1224 3058 1307 3111 opere
1326 3044 1358 3097 ut

211 3139 273 3176 eum
291 3123 383 3177 totum
406 3121 435 3176 in
459 3138 508 3175 sua
533 3123 626 3175 castra
647 3121 823 3191 pertraheret
842 3121 1016 3176 enitebatur?
1055 3119 1122 3176 talis
1140 3120 1226 3191 igitur
1246 3121 1289 3174 uir
1306 3139 1358 3192 per

211 3203 303 3258 studia
327 3201 441 3271 quidem
464 3218 600 3270 usumque
623 3201 759 3256 forensem
784 3219 836 3271 par
859 3203 942 3270 atque
964 3201 1083 3256 idoneus
1102 3203 1162 3256 erat
1185 3201 1356 3272 proferendis

213 3283 252 3338 eis
272 3299 344 3353 quae
358 3281 477 3351 protulit
491 3299 513 3337 c.
529 3286 563 3336 35
578 3283 646 3336 extr.
664 3315 695 3322 —
711 3289 744 3337 41
759 3284 819 3350 fin,
839 3299 929 3353 neque
947 3282 975 3336 in
995 3283 1039 3336 his
1059 3283 1188 3352 sibiipsa
1208 3282 1356 3352 discordat,

211 3363 236 3416 si
259 3365 343 3418 antea
364 3361 394 3414 in
417 3363 500 3432 longe
524 3361 581 3416 alio
604 3363 804 3418 sententiarum
833 3380 938 3419 conexu
966 3360 1130 3432 exagitabat
1153 3364 1195 3418 sui
1223 3365 1357 3435 temporis

211 3444 350 3498 lucrosam
376 3443 405 3496 et
428 3459 462 3496 ex
484 3441 566 3496 malis
589 3443 711 3497 moribus
735 3444 830 3497 natam
854 3442 1050 3511 eloquentiam.
1088 3444 1117 3498 et
1135 3444 1205 3499 haec
1223 3447 1256 3499 ut
1274 3446 1356 3500 facile

211 3522 281 3578 mihi
301 3522 499 3590 concedentur,
521 3521 563 3575 ita
586 3522 759 3592 pertinacius
782 3521 947 3576 retinebitur
975 3521 1068 3590 opinio
1091 3524 1154 3589 illa,
1179 3541 1234 3592 qua
1257 3542 1274 3579 a
1296 3529 1356 3580 sc'n-

211 3603 294 3659 tienti
318 3603 428 3659 ratione
456 3602 600 3656 Maternus
627 3603 712 3673 plane
740 3600 783 3656 sui
810 3600 953 3656 dissimilis
981 3618 1042 3656 esse
1074 3601 1185 3657 uidetur
1216 3603 1245 3658 in
1277 3608 1357 3674 parte

210 3683 372 3755 posteriore.
414 3685 443 3739 et
466 3684 527 3737 laus
551 3682 602 3735 illa
624 3681 798 3752 Vespasiano
821 3683 929 3738 tributa
951 3683 1022 3737 adeo
1048 3681 1165 3738 offendit
1186 3686 1304 3754 multos,
1325 3687 1357 3740 ut

212 3765 424 3822 Strodtbeokius
436 3781 553 3833 eumque
564 3763 651 3818 secuti
667 3762 716 3817 alii
730 3763 911 3818 adorarentur
924 3763 1030 3818 tectam
1041 3763 1180 3832 quandam
1195 3763 1357 3820 inrisionem
1413 3835 1416 3839 Ι

211 3846 269 3901 siue
293 3863 381 3916 quam
405 3845 503 3900 Graeci
526 3845 630 3899 uocant
653 3842 808 3914 εἰρωνείαν,
856 3860 938 3912 quam
962 3844 1129 3898 sententiam
1153 3844 1194 3898 ita
1217 3845 1250 3898 ut
1273 3846 1369 3902 hodie*

210 3944 261 3997 pro
285 3927 419 3982 derelicta
446 3929 534 3997 possit
560 3927 658 3982 haberi
685 3925 820 3980 refutauit
843 3924 985 3980 Steinerus
1006 3925 1044 3996 [p.
1065 3925 1120 3996 31].
1158 3925 1254 3996 iaque
1273 3942 1356 3996 quae-

211 4010 299 4062 reuda
321 4011 365 4061 est
388 4007 552 4079 explicatio,
576 4023 648 4078 quae
672 4006 792 4078 simplici
815 4005 926 4074 placeat
952 4005 1081 4062 ueritatis
1107 4006 1207 4076 specie.
1256 4008 1283 4060 et
1310 4005 1357 4059 hic

210 4089 301 4159 primo
324 4103 427 4158 ponere
450 4086 530 4142 iuuat
553 4085 723 4142 Doederlinii
748 4087 828 4156 [mus.
853 4086 941 4140 Rhen.
967 4085 1006 4140 ΠΙ
1024 4105 1051 4156 p.
1073 4091 1105 4140 16
1116 4086 1169 4156 sq]
1189 4086 1287 4141 uerba:
1316 4089 1357 4143 bis

212 4169 319 4226 eadlicb
342 4169 389 4222 der
412 4168 527 4222 Dichter
547 4169 707 4237 Maternus,
731 4167 840 4220 welcber
863 4165 905 4219 bei
926 4166 1004 4220 allam
1025 4166 1123 4220 Talem
1140 4167 1189 4234 seir
1206 4168 1257 4222 dos
1271 4170 1356 4235 pralo-

211 4251 293 4306 tr'sobe
311 4251 402 4305 Leuca
425 4249 492 4304 doct
513 4265 569 4302 aar·
592 4250 624 4304 ia
642 4248 859 4318 contemplativa
881 4247 1036 4318 Thdta'plreit
1058 4246 1137 4302 Rata
1157 4247 1216 4302 aad
1235 4245 1357 4302 Friedea

221 4406 226 4416 '
282 4412 307 4480 ⁹⁶)
327 4410 485 4482 putauerim
503 4424 569 4478 ego,
588 4407 630 4462 nil
648 4408 702 4462 nisi
719 4408 845 4462 litteram
862 4405 1001 4462 initialem
1019 4405 1152 4462 omissam
1170 4423 1229 4462 esse
1249 4408 1357 4464 seilicet

215 4508 232 4547 a
254 4491 426 4547 rubricatore
450 4487 621 4558 addendam
643 4489 674 4544 id
697 4489 771 4559 quod
794 4487 829 4542 de
847 4487 987 4572 Vaticano
1005 4487 1033 4544 A
1050 4505 1162 4559 quoque
1180 4489 1301 4546 testatur
1319 4490 1355 4544 M.

1108 4576 1143 4632 7*
