3296 5168
418 418 708 475 oouuuurnurvs
730 419 896 475 oarrrovs
916 401 944 475 e'.
964 426 1052 476 e-r.
1265 416 1308 483 et

161 580 186 634 V
214 583 278 647 225,
301 579 386 635 Anth.
409 580 460 634 lat.
485 585 551 650 249,
576 583 616 650 1),
640 579 847 634 Freinshemius
869 582 895 636 st
917 597 974 636 ηοη
996 583 1028 636 οη
1051 584 1143 654 caduco
1163 583 1223 651 (sed
1243 581 1310 650 quid
1397 638 1400 646 ,

161 659 258 714 animo
280 677 343 714 cum
367 661 482 715 naturae
506 660 644 728 indolet),
668 659 812 714 Ernestius
830 661 856 715 si
878 678 934 716 ηοη
956 662 989 716 οη
1011 663 1085 730 ipso,
1110 662 1262 718 Seebodius
1286 663 1311 716 si

160 756 220 796 ηοω
241 740 366 810 tepente,
391 739 533 794 Steiuerus
556 741 581 794 si
603 755 660 794 ηοω
683 741 825 808 iunctam,
848 741 1008 811 Schopenus
1030 743 1056 796 si
1083 757 1140 796 ηοω
1166 742 1199 795 ia
1223 742 1310 807 nobis,

161 819 335 874 Ribbeckius
353 821 412 874 soto
430 821 534 887 indole,
552 821 692 875 Usenerus
716 822 741 875 si
763 837 819 876 ηοη
842 823 919 876 tutas
937 825 999 891 (ego
1019 821 1087 874 olim
1109 822 1135 875 st
1158 836 1216 874 ηοη
1233 821 1311 874 intra

161 901 237 969 nos),
255 899 371 954 Peterus
389 901 415 955 si
432 916 489 955 ηοη
507 901 538 954 in
559 901 667 970 aliqum
691 901 723 954 nt
743 901 854 955 mittam
878 901 947 956 alios
966 899 1041 954 uiam
1060 899 1152 954 minus
1172 915 1310 953 commen-

163 981 263 1036 datam
280 980 434 1050 ingressos,
457 979 547 1035 ueluti
570 979 705 1035 Huetium
729 981 759 1035 tn
777 997 817 1048 se,
840 998 897 1036 ηοω
913 983 945 1036 οη
964 981 1041 1048 otiis,
1065 978 1268 1049 Nipperdeium
1286 980 1312 1033 εἰ

161 1075 219 1114 ηοω
250 1061 283 1114 in
310 1062 384 1130 apso,
408 1076 465 1116 ηοη
487 1062 522 1115 ab
545 1062 615 1127 otio,
639 1054 819 1130 Spengelium
843 1062 916 1130 qnod
937 1062 978 1116 stc
999 1077 1056 1114 ηοω
1078 1061 1110 1114 οη
1137 1060 1193 1114 otio
1221 1053 1335 1128 (prae-⁴
1422 1087 1425 1094 ·
1462 1067 1465 1076 ·

160 1140 257 1194 iuerat
282 1139 394 1210 Lipsius
427 1141 543 1196 seilicet
561 1157 711 1210 reponens,
744 1141 855 1195 secutus
887 1142 931 1195 est
963 1138 1108 1196 Michaelis
1140 1140 1166 1194 si
1196 1138 1311 1207 delens),

161 1218 285 1288 denique
304 1220 496 1276 Andresenum
521 1223 594 1290 quod
617 1237 673 1276 ηοω
696 1221 838 1276 aetatibus
858 1222 973 1290 paritur
996 1219 1172 1275 conicientes.
1212 1218 1312 1287 scripsi

161 1317 218 1368 ego
242 1299 317 1368 quod
341 1299 470 1356 omnibus
493 1299 692 1371 perpensitatis
716 1298 854 1369 optimum
882 1301 1032 1356 uidebatur
1055 1302 1080 1355 si
1102 1315 1159 1355 ηοη
1183 1300 1312 1354 naturale

160 1381 267 1447 oritur,
292 1380 437 1450 conligens
460 1380 599 1436 Ciceronis
623 1381 716 1434 locum
740 1380 787 1450 [de
813 1397 851 1435 or.
875 1381 889 1433 I
912 1387 959 1450 25,
986 1381 1049 1452 117]
1072 1380 1165 1450 siquid
1183 1379 1312 1433 naturale

160 1461 236 1527 sorte
253 1477 310 1515 ηοη
328 1462 446 1516 habeant
465 1464 494 1518 et
511 1460 666 1518 Minucium
684 1460 806 1515 Felicem
827 1467 873 1530 16,
893 1469 908 1515 5
933 1478 982 1517 nec
999 1463 1115 1529 fertum
1133 1463 1248 1513 nendos
1265 1459 1312 1513 sed

161 1547 270 1596 namra
288 1557 342 1597 csse
354 1543 519 1611 sapientiam
534 1542 584 1610 (sic
599 1541 673 1596 enim
688 1540 873 1610 corrigimus),
892 1541 995 1596 utalia
1009 1555 1311 1609 coaceruareparcam.

162 1625 193 1676 et
213 1621 239 1674 si
256 1620 328 1690 legit
345 1620 495 1676 Henochus
517 1621 548 1675 in
571 1622 683 1675 uetusto
707 1621 860 1689 exemplari
882 1623 908 1676 si
930 1637 986 1676 ηοω
1004 1621 1069 1675 ciale
1092 1623 1196 1687 oritrrr,
1219 1619 1312 1690 potuit

160 1701 213 1756 illc
236 1699 257 1756 ri
277 1699 417 1769 accipiens
439 1717 490 1770 pro
514 1700 527 1755 i
551 1703 595 1770 (ut
617 1699 687 1756 alibi
709 1700 789 1769 fecit,
814 1700 848 1757 cf.
872 1702 908 1755 ad
931 1718 954 1756 e.
974 1707 1021 1769 29,
1042 1703 1068 1769 7)
1091 1702 1124 1755 ia
1146 1702 1215 1769 alio,
1238 1701 1312 1768 quod

151 1772 284 1835 'latinum
307 1781 396 1848 essct,
420 1797 563 1850 reponere.
601 1783 631 1836 ct
655 1778 785 1834 similiter
802 1797 876 1836 nune
897 1781 981 1836 uideo
1003 1781 1061 1835 iam
1078 1779 1230 1836 Meiserum
1248 1797 1311 1834 con-

160 1861 262 1916 iecisse
280 1861 307 1915 η’
324 1877 380 1916 ηοω
397 1862 577 1931 naturaliter,
596 1859 671 1930 quod
690 1877 746 1928 quo
760 1859 871 1915 nomine
891 1861 928 1915 sit
941 1860 1157 1930 uituperandum
1172 1877 1228 1916 non
1248 1861 1313 1932 eget

161 1940 345 2012 expositione.

236 2022 334 2078 Restat
356 2020 391 2076 de
414 2020 507 2076 uerbis
530 2037 579 2076 nec
602 2039 662 2076 οηη
684 2022 780 2092 pretia
801 2023 878 2076 acuit
901 2021 1068 2091 disquisitio.
1110 2021 1192 2078 reicit
1217 2022 1312 2076 autem

160 2101 401 2174 praepositionem
425 2120 488 2157 cum
511 2100 583 2156 ratio
607 2101 806 2172 grammatica,
829 2103 890 2156 tum
913 2118 980 2156 uero
1005 2104 1080 2158 certa
1103 2119 1177 2168 quae
1195 2103 1240 2156 est
1256 2101 1312 2155 for-

161 2183 258 2237 mulae
276 2198 337 2236 enm
355 2183 449 2253 pratia
472 2181 512 2251 (id
535 2183 578 2236 est
599 2199 649 2250 per
674 2183 773 2236 bonam
795 2184 927 2252 pretium:
952 2183 987 2236 cf.
1008 2183 1123 2251 interpr.
1145 2182 1180 2236 ad
1200 2181 1312 2236 Terent.

160 2262 250 2318 Andr.
274 2264 338 2329 422)
363 2261 539 2330 significatio.
581 2277 633 2316 nec
656 2264 754 2316 tamen
777 2260 849 2315 facio
873 2278 936 2314 cum
959 2260 1102 2328 Acidalio,
1127 2261 1175 2328 qui
1197 2261 1276 2314 illam
1294 2278 1312 2314 a

161 2344 244 2398 textu
266 2341 346 2396 iubet
370 2341 490 2396 exulare.
532 2357 598 2395 nam
622 2340 745 2395 codicilli
768 2358 831 2395 cum
854 2340 910 2395 iam
935 2340 1083 2410 designent
1106 2359 1168 2395 eam
1191 2341 1312 2414 gratiam

163 2439 221 2490 qua
240 2421 422 2491 imperatores
440 2421 559 2476 honores
578 2437 611 2474 ac
630 2437 745 2476 munera
764 2425 813 2476 aut
832 2420 946 2475 diuitias
965 2420 994 2475 in
1013 2422 1087 2477 uiros
1108 2421 1163 2476 sibi
1181 2423 1312 2490 acceptos

163 2500 329 2568 meritisque
353 2501 516 2571 conspicuos
541 2500 700 2570 conterunt,
728 2518 850 2570 quonam
874 2501 950 2556 nuda
975 2503 1069 2572 pratia
1094 2503 1207 2571 spectet
1228 2501 1312 2570 plane

132 2601 136 2606 ’
164 2599 217 2636 nos
237 2581 317 2650 fugit.
355 2581 483 2650 cupidius
502 2581 576 2636 enim
595 2597 679 2650 quam
697 2583 790 2636 uerius
808 2583 901 2652 pretia
919 2585 999 2638 uenit
1017 2584 1131 2638 uertunt
1150 2583 1191 2637 ‘es
1209 2580 1313 2636 istum

163 2662 256 2718 Gunst
273 2660 352 2729 feil’;
371 2665 401 2716 et
418 2657 509 2729 adsit,
532 2661 562 2715 id
586 2662 629 2716 est
652 2661 803 2732 contingit,
828 2663 859 2715 ut
882 2661 1098 2734 interpretemur
1121 2663 1213 2732 ipsum
1236 2661 1313 2730 quod

162 2742 308 2815 praecedit
330 2745 414 2798 datar
437 2742 538 2796 suadet
560 2744 646 2810 atque
665 2741 806 2796 ‘hortatur
843 2759 934 2812 neque
957 2744 1068 2799 tollitur
1090 2745 1147 2798 ullo
1170 2743 1253 2811 pacto
1272 2743 1311 2796 of-

162 2823 253 2879 fensio
276 2823 327 2877 illa
351 2822 475 2877 uiolento
498 2821 647 2877 Ribbeckii
669 2821 815 2890 proposito
838 2839 887 2878 ηοο
904 2827 1026 2892 peceato
1045 2829 1094 2878 aut
1115 2824 1209 2892 pratia
1228 2823 1312 2877 uenit.

162 2920 336 2973 quamquam
361 2919 412 2958 nec
437 2901 467 2956 id
492 2901 568 2970 quod
593 2901 652 2970 ipsc
680 2899 749 2953 olim
773 2903 913 2970 temptaui
937 2920 986 2959 ηοο
1010 2919 1092 2972 epam
1116 2901 1210 2972 pratia
1235 2902 1313 2954 uenit

162 2985 250 3054 (quod
276 2983 315 3039 sie
339 2982 417 3037 uolui
442 2981 534 3050 accipi
559 2981 643 3036 ‘noch
665 2980 775 3034 kommt
796 2998 826 3035 es
850 2982 903 3036 den
928 2983 1064 3038 Scb'dtaen
1090 3001 1124 3036 zu
1147 2980 1232 3034 Liebe
1256 2997 1312 3034 von

153 3064 277 3134 selbst’)
300 3064 356 3119 iam
381 3063 482 3133 probo,
505 3079 569 3116 cum
593 3060 660 3129 quid
683 3058 742 3114 fere
766 3060 833 3114 addi
860 3066 989 3132 oporteat
1011 3079 1085 3117 nunc
1112 3061 1213 3116 melius
1241 3059 1312 3115 mihi

163 3145 262 3200 uidear
285 3145 429 3214 dispicere.
471 3141 669 3212 imperatoriae
695 3140 770 3194 enim
793 3144 901 3212 gratiae
925 3162 975 3215 per
998 3143 1142 3200 codicillos
1171 3141 1311 3196 indicatae

163 3224 371 3296 adiungendam
390 3223 476 3278 tuisse
495 3222 631 3278 existumo
649 3220 764 3275 laudem
782 3224 957 3295 gloriamque
975 3225 1051 3296 apud
1070 3225 1177 3279 eeteros
1195 3223 1226 3276 in
1244 3223 1311 3276 urbe

163 3305 304 3373 homines,
333 3321 416 3373 quam
445 3319 478 3358 ea
504 3319 576 3372 quae
605 3302 736 3356 secuntur
758 3304 920 3361 inlustrant:
949 3307 1091 3376 possidere
1114 3322 1143 3360 se
1171 3301 1313 3370 intellegit

163 3384 241 3455 Aper
269 3385 344 3454 quod
371 3401 422 3440 nec
450 3383 577 3439 Caesaris
605 3384 797 3440 beniuolentia
825 3403 876 3440 nec
904 3403 1013 3442 summo
1041 3385 1117 3456 apud
1146 3383 1221 3440 ciues
1248 3399 1312 3438 suos

165 3465 271 3520 honore
289 3464 430 3533 quispiam
448 3464 633 3520 nanciscatur.
670 3479 731 3518 οηη
750 3481 817 3534 ergo
835 3465 864 3519 in
885 3467 989 3520 οηηοηηο
1007 3465 1123 3521 mutaui.

238 3549 271 3597 13
295 3545 344 3613 qai
366 3561 423 3599 ηοω
445 3545 565 3598 illustres
589 3549 614 3598 et
636 3544 668 3597 tu
690 3545 757 3598 arbe
779 3561 837 3599 ηοη
858 3547 944 3600 solum
967 3549 1052 3616 apud.
1094 3563 1157 3599 cum
1185 3560 1240 3598 uox
1265 3542 1314 3611 qai

167 3624 289 3692 nequeat
307 3623 394 3678 artius
413 3623 529 3694 adiungi
546 3622 583 3677 ad
601 3623 631 3677 id
649 3625 724 3692 quod
743 3624 888 3694 praecedit
905 3632 1058 3694 oratorum,
1082 3626 1131 3700 sed
1151 3625 1194 3694 (ut
1212 3623 1313 3677 docent

167 3705 313 3760 enuntiata
327 3704 473 3775 sequentia
486 3720 601 3774 quorum
615 3705 729 3758 ηοηηηο
741 3706 822 3774 prius
836 3707 865 3760 et
878 3722 944 3775 qens
957 3706 1066 3774 saepius
1080 3705 1190 3773 uulpes)
1209 3719 1312 3774 nouam

166 3785 285 3855 incipiat
302 3785 479 3855 sententiam,
498 3784 671 3855 pergendum
687 3783 773 3839 estin
787 3785 842 3853 uia,
861 3801 917 3853 qua
929 3783 1048 3854 ingressi
1064 3782 1185 3837 Orellius
1199 3781 1312 3849 pateam

166 3866 342 3933 clamatores,
364 3865 560 3921 Boetticherus
584 3865 633 3933 qui
655 3869 712 3918 tom
734 3866 854 3920 illustres
872 3865 1075 3935 excogitarunt.
1112 3862 1162 3916 sed
1180 3867 1218 3929 et,
1237 3861 1313 3928 quod

165 3945 195 3999 in
216 3945 336 4000 uetustis
360 3944 529 4000 editionibus
549 3944 683 3998 omissum
707 3961 724 3998 a
747 3943 894 4014 Sohopeno
917 3943 947 3998 in
968 3949 1034 3999 sant
1057 3941 1232 4008 mutabatur,
1256 3938 1312 3993 ulio

166 4044 215 4081 nos
234 4025 327 4080 ducit:
350 4025 415 4079 uide
439 4025 532 4078 cetera
555 4023 638 4078 huius
662 4023 812 4079 uerborum
836 4023 958 4078 ambitus
982 4022 1043 4077 oola
1066 4023 1143 4091 apud
1164 4021 1313 4090 nepote'osos

166 4106 288 4160 atrebas
306 4107 438 4170 intentos,
458 4121 540 4173 porro
559 4104 634 4173 apud
653 4105 765 4159 οήιωωοο
783 4111 808 4159 et
826 4104 1019 4169 adulescentes,
1040 4103 1159 4171 denique
1177 4105 1252 4156 rectu
1268 4101 1312 4153 in-

166 4187 239 4240 dous
256 4190 281 4240 et
300 4186 372 4239 boec
389 4201 450 4253 spes
467 4186 524 4240 sai:
547 4183 611 4254 ipsa
634 4183 763 4239 binorum
781 4183 981 4238 uocabulorum
1003 4183 1033 4236 in
1056 4197 1226 4252 unoquoquo
1250 4179 1311 4234 colo

168 4264 326 4319 coniunctio
345 4264 520 4318 intercidisse
539 4266 647 4334 postet
666 4282 850 4333 synonymum
869 4263 1009 4333 quoddam
1024 4262 1102 4317 uocis
1123 4263 1242 4324 illustres
1260 4259 1313 4314 tibi

166 4343 332 4414 patefaciet,
361 4362 423 4399 cum
451 4344 616 4413 praesertim
643 4362 769 4400 summae
801 4343 830 4397 in
863 4343 988 4398 oratione
1021 4359 1071 4396 sua
1103 4340 1313 4410 aequabilitatis

169 4426 324 4480 studiosum
342 4424 427 4480 fuisse
450 4426 557 4494 Aprum
581 4427 698 4480 constet.
739 4425 861 4494 perbene
883 4425 971 4494 igitur
993 4421 1171 4477 Ecksteinius
1193 4423 1313 4477 illustres

168 4510 192 4560 et
213 4507 285 4576 noti,
308 4505 380 4574 quae
404 4522 559 4574 synonyma
580 4505 721 4560 interdum
744 4504 818 4574 apud
843 4504 1004 4560 Ciceronem
1031 4501 1186 4572 composita
1213 4502 1309 4573 depre-
