3296 5168
330 451 375 516 90
659 447 949 505 COMMENTARIVS
968 446 1141 506 ORITIOVS.

331 610 531 681 uenustiusque
555 613 599 666 est
616 609 710 664 Plauti
729 609 908 678 Terentiique
927 609 1093 678 loquella‘t),
1111 609 1144 682 ut
1162 608 1244 664 facile
1263 611 1401 679 appareat
1418 627 1476 664 non

331 693 456 746 sufficere
480 693 529 745 aut
552 689 658 745 Halmii
680 689 763 744 Isaiae
787 688 846 742 siue
868 689 932 757 ipsa
955 689 1004 743 aut
1026 687 1181 742 Andreseni
1204 690 1330 758 caecata,
1358 689 1407 742 sed
1432 688 1476 741 in-

330 771 475 826 ferendum
495 788 554 826 esse
573 788 629 840 quo
647 769 837 825 humillimum
855 767 1061 838 pessimumque
1080 768 1215 824 sermonis
1234 767 1369 824 cotidiani
1387 785 1475 838 genus

330 849 477 908 indicetur.
520 850 596 922 quod
620 849 798 920 adsequimur
820 851 887 904 aitte
910 868 960 920 pro
984 852 1028 904 ais
1050 849 1186 919 reposito;
1213 867 1278 904 nam
1301 865 1386 904 sermo
1412 850 1475 904 cett·
1576 912 1583 923 ι

330 932 433 986 dtaaae
457 950 518 987 cum
543 949 599 987 una
622 930 660 986 eit
681 930 882 1000 indiuiduaqua
903 927 995 995 notio,
1019 929 1102 984 facile
1125 928 1234 999 patitur
1257 928 1384 984 additum
1409 929 1476 983 attis

331 1013 437 1080 (uenias
457 1011 552 1080 ‘sager
566 1011 615 1066 der
629 1008 776 1079 gemeiuen
786 1008 1083 1080 Umgaugssprache’):
1099 1008 1133 1062 cf.
1148 1006 1312 1062 Kuehnerus
1327 1011 1475 1078 grammat.

330 1091 379 1146 lat.
408 1090 552 1160 amplioris
580 1091 634 1145 uol.
664 1089 690 1143 II
717 1109 744 1160 p.
775 1095 825 1144 179
837 1108 890 1159 sq.;
920 1090 1043 1143 ceterum
1074 1088 1188 1143 uidendi
1219 1088 1365 1144 Petronius
1397 1090 1474 1161 [118]

331 1171 524 1239 effaaieadam·
538 1175 577 1224 eat
601 1170 635 1224 ab
658 1170 733 1224 emat
755 1169 899 1223 uerborum
922 1169 1017 1223 atita
1042 1169 1131 1223 dicam
1153 1170 1261 1224 uilitate
1284 1175 1309 1224 et
1330 1172 1477 1226 sumendae

331 1266 409 1306 acces
428 1267 446 1304 a
459 1250 537 1318 plebe
555 1254 702 1304 summotae
720 1250 749 1304 et
768 1247 956 1316 Quintilianus
974 1246 1040 1301 VIII
1058 1255 1084 1316 3,
1103 1253 1147 1314 49,

404 1336 436 1385 17
455 1332 500 1386 ias
519 1331 643 1386 ciuitatis
660 1332 734 1385 altro
752 1330 902 1384 derideant.
931 1327 1030 1383 sustuli
1043 1327 1117 1396 quod
1132 1326 1296 1383 iamdudum
1314 1329 1379 1386 tolli
1397 1346 1477 1400 opor·

332 1411 398 1465 tuit.
436 1412 479 1466 ius
499 1410 573 1466 euim
593 1408 717 1466 ciuitatis¹
736 1409 859 1465 uniuersi
881 1407 949 1462 iuris
972 1406 1063 1462 ciuilis
1085 1411 1144 1462 tam
1164 1407 1265 1478 exigua
1283 1412 1326 1464 est
1344 1405 1421 1480 pars,
1444 1412 1477 1464 ut

330 1509 380 1561 pro
405 1493 466 1547 toto
489 1491 557 1561 poni
580 1490 694 1547 omnino
717 1490 839 1561 nequeat
862 1490 1004 1558 (compara
1028 1504 1070 1543 ex.
1094 1506 1135 1556 gr.
1159 1487 1321 1554 Ciceronem
1344 1491 1378 1544 de
1402 1507 1440 1546 or.
1465 1491 1476 1544 Ι

333 1576 403 1638 173).
440 1587 530 1640 neque
554 1588 587 1625 eo
610 1588 704 1640 usque
723 1570 871 1640 quisquam
894 1567 1100 1659 progredietur,
1122 1571 1156 1623 ut
1174 1568 1316 1637 Tacitum,
1334 1569 1477 1625 hominem

331 1651 360 1704 in
383 1651 696 1718 ioro'uersatissimura,
720 1651 764 1706 ius
788 1649 870 1705 ciuile
894 1650 923 1703 et
945 1664 987 1702 rus
1013 1646 1137 1702 ciuitatis
1161 1649 1318 1704 confudisse
1342 1651 1476 1718 autumet,

333 1748 396 1785 cum
414 1731 577 1801 praesertim
596 1732 630 1786 de
649 1729 699 1785 illo
719 1730 829 1801 saepius
847 1729 877 1783 in
895 1726 939 1782 his
960 1727 1097 1797 capitibus
1120 1731 1227 1799 agatur.

405 1816 439 1866 26
458 1828 524 1881 qaas
539 1813 659 1884 potiores
676 1811 822 1865 aomiaabo
841 1827 923 1878 qaam
942 1810 1019 1879 apud
1035 1809 1154 1864 Graecos
1172 1809 1383 1876 Demosthenem,
1401 1827 1476 1880 qaam

416 1893 559 1960 proditam
582 1891 640 1946 est?
681 1908 737 1946 non
760 1891 885 1946 offendor
907 1891 1036 1960 equidem
1064 1889 1160 1945 addito
1186 1890 1263 1959 upad
1291 1890 1409 1945 Graecae
1436 1891 1477 1961 (Iri

331 1970 435 2041 quippe
459 1971 544 2026 testes
568 1970 793 2039 luculentissimi)
818 1986 907 2038 neque
930 1971 995 2027 inde
1019 1972 1051 2024 ut
1074 1972 1150 2039 apad
1172 1970 1312 2026 Ramaaos
1338 1969 1476 2028 similiaue

330 2051 388 2107 iam
407 2053 558 2121 sequantur
578 2050 707 2106 concludi
726 2051 860 2117 eoncedo;
885 2049 934 2105 sed
955 2051 1092 2120 pluralem
1110 2067 1257 2106 numerum
1275 2068 1342 2122 qaae
1355 2054 1477 2120 potiores

330 2132 411 2188 unius
430 2131 626 2186 Demosthenis
644 2131 722 2186 faeta
740 2129 880 2186 mentione
898 2130 972 2184 intra
990 2130 1072 2185 huius
1092 2131 1230 2185 enuntiati
1253 2132 1390 2187 ambitum
1410 2149 1476 2187 sane

251 2265 255 2276 ,
331 2232 381 2270 uec
405 2231 458 2284 ego
481 2213 584 2281 tolero,
613 2214 644 2268 ut
668 2216 763 2269 tamen
788 2211 920 2282 effugiam
944 2210 1023 2265 illam
1047 2210 1176 2266 mutandi
1203 2211 1393 2267 temeritatem
1421 2229 1477 2282 qua

330 2293 454 2350 Pichena
476 2291 553 2346 uiam
575 2294 818 2362 praemonstrante
842 2290 1018 2346 Andresenus
1043 2291 1081 2362 [p.
1109 2292 1171 2362 160]
1196 2290 1226 2344 id
1252 2293 1329 2360 quod
1352 2293 1477 2363 sequitur

330 2378 355 2427 et
375 2372 468 2428 Cicero
486 2374 529 2426 lese
547 2372 590 2426 bis
613 2373 729 2443 corrigit
745 2371 950 2426 uiolentissime
968 2377 993 2426 et
1012 2373 1089 2442 apud
1106 2388 1156 2426 aas
1175 2371 1341 2439 Oteeroaem,
1360 2374 1408 2443 qai
1426 2374 1476 2429 aa.

330 2454 483 2508 modestius
512 2451 586 2507 enim
615 2454 735 2508 alterum
763 2453 917 2507 membrum
950 2451 1126 2507 intercidisse
1154 2453 1309 2506 statuemus
1337 2470 1370 2508 eo
1403 2454 1477 2524 quod

330 2533 461 2590 librarius
481 2550 497 2587 a
519 2532 611 2602 priore
635 2539 660 2587 et
683 2533 719 2586 ad
742 2533 862 2588 alterum
885 2537 910 2587 et
933 2531 1087 2587 aberrauit:
1117 2534 1260 2601 proditam
1284 2539 1334 2600 est,
1358 2532 1403 2606 (et
1427 2534 1476 2589 Pe·

330 2615 422 2668 m'ctem
437 2653 549 2669 .......
552 2611 591 2686 >9
607 2619 631 2666 et
646 2613 740 2667 Ulcera
753 2613 796 2666 his
809 2629 866 2680 eqs.
900 2629 956 2681 quo
971 2613 1066 2666 autem
1081 2613 1194 2666 nomine
1209 2612 1331 2668 Pericles
1346 2613 1477 2670 laudatus

331 2693 368 2747 sit
386 2691 469 2760 (uude
488 2708 539 2761 pro
559 2709 608 2747 suo
628 2692 748 2762 quisque
762 2694 846 2761 captu
865 2692 994 2746 lacunam
1010 2692 1152 2761 explebit),
1172 2691 1476 2763 docetOic.or.4,15.

404 2777 438 2826 29
461 2772 492 2826 id
515 2788 542 2827 se
564 2789 621 2827 aaa
643 2774 779 2827 rhetorum
797 2773 844 2825 sed
862 2773 1026 2826 Academiae
1049 2773 1148 2840 spatiis
1169 2779 1346 2831 consecutam.
1384 2776 1476 2833 locum

331 2852 480 2908 manifesto
499 2853 663 2908 lacunosum
683 2849 826 2924 suppfleuit
844 2852 963 2906 Haasius
982 2853 1132 2908 secundum
1152 2851 1313 2908 Ciceronem
1333 2855 1414 2926 [orat.
1431 2858 1476 2928 12]

331 2933 455 2988 inserens
474 2934 618 3001 officiata.¹
640 2933 717 2988 aliud
736 2932 961 3002 supplementum
982 2933 1145 3003 suppeditat
1164 2933 1352 3000 Quintilianus
1372 2935 1437 3007 [XII
1451 2943 1477 3006 2,

330 3015 377 3086 23]
403 3031 469 3069 aam
493 3015 537 3070 M.
560 3015 670 3068 Tattius
692 3030 748 3068 aaa
771 3019 878 3068 tamtam
901 3015 1043 3068 redebere
1065 3013 1163 3068 scholis
1185 3013 1321 3067 steteram
1344 3020 1477 3083 cauatam

329 3095 495 3149 Academiae
513 3096 612 3165 spatiis
630 3096 824 3164 srcqacater
841 3095 900 3162 ipsc
917 3097 1039 3147 testatur.
1082 3092 1156 3146 unde
1179 3091 1208 3146 in
1232 3093 1385 3162 deperditis
1409 3113 1476 3164 quo-

331 3190 385 3242 que
404 3173 483 3228 libris
502 3173 625 3229 Tullium
644 3172 704 3228 eins
718 3173 759 3228 rei
774 3172 945 3228 mentionem
959 3171 1059 3228 fecisse
1076 3174 1209 3242 apparet,
1228 3175 1258 3228 et
1274 3173 1316 3228 ita
1333 3165 1477 3231 ut'uerbis

331 3254 436 3306 achetae
458 3254 595 3308 raetorum
619 3254 750 3307 uteretur.
793 3253 873 3306 scotis
895 3254 989 3307 autem
1018 3255 1082 3306 ante
1105 3255 1151 3307 sed
1176 3253 1351 3310 intercidisse
1377 3271 1410 3311 eo
1435 3257 1476 3311 lu·

330 3329 440 3384 beatius
469 3329 538 3384 mihi
565 3332 720 3401 persuadeo
744 3331 819 3401 quod
843 3333 903 3401 ipse
926 3331 1040 3386 Tacitus
1068 3349 1090 3387 c.
1115 3338 1147 3387 31
1175 3333 1261 3388 habet
1283 3336 1315 3389 ia
1340 3336 1477 3391 steteram

330 3411 418 3464 scelte.
464 3413 586 3465 ceterum
615 3410 737 3467 Acidalii
763 3411 923 3466 coniectura
952 3428 1009 3466 aaa
1035 3414 1067 3466 ta
1093 3413 1230 3468 steteram
1253 3414 1300 3468 uix
1327 3432 1397 3484 opus
1421 3419 1475 3470 est:

333 3489 478 3558 ‘consequi
496 3489 605 3561 aliquid
624 3492 720 3562 aliqua
739 3494 780 3548 re'
802 3494 895 3549 direre
914 3491 1016 3546 Latini.

231 3590 254 3627 c.
273 3571 311 3627 88
401 3575 417 3624 9
445 3571 557 3626 iaaeaes
579 3574 636 3628 iem
663 3579 687 3627 et
713 3576 805 3641 saram
827 3575 950 3644 impressi.
987 3590 1054 3643 prae
1078 3575 1133 3628 hac
1159 3574 1283 3629 familiae
1306 3580 1335 3628 11
1357 3576 1476 3632 lectione

330 3650 500 3706 recentiores
523 3651 588 3708 iude
611 3654 646 3708 ab
670 3654 799 3709 Ernestio
823 3653 943 3710 editores
967 3670 1063 3709 omnes
1087 3655 1210 3724 amplexi
1230 3656 1341 3710 suntid
1361 3657 1477 3726 quodlt

330 3733 448 3800 praebet
469 3735 634 3802 impressam,
662 3736 736 3804 quod
760 3734 895 3789 Italorum
924 3736 1041 3790 debetur
1068 3735 1244 3790 coniecturae
1271 3740 1476 3805 praeposterae.

331 3828 396 3865 nam
421 3815 453 3866 ut
475 3815 559 3867 antea
582 3815 684 3870 mtium
707 3815 802 3868 studia
825 3815 1043 3870 adulescentulis
1072 3815 1149 3870 domi
1177 3814 1285 3871 scilicet
1312 3819 1341 3871 et
1365 3817 1477 3887 priuata

330 3889 507 3947 institutione
526 3893 646 3947 maxime
671 3894 788 3950 colenda
809 3895 933 3949 tractata
955 3899 1033 3963 sunt,
1056 3894 1099 3949 ita
1115 3895 1238 3964 nuncin
1256 3896 1476 3966 disputationem

330 3973 469 4026 uocantur
496 3972 723 4040 exercitationes,
753 3972 854 4041 quibus
885 3975 933 4041 qni
959 3975 1016 4029 iam
1044 3976 1073 4028 in
1101 3974 1160 4028 loro
1189 3979 1334 4030 uersentur
1360 3977 1476 4033 iuuenes

332 4069 445 4122 operam
464 4055 582 4108 nauant:
611 4052 645 4106 cf.
670 4055 759 4107 totum
785 4057 870 4128 eaput
889 4060 936 4121 34,
955 4071 1011 4109 non
1030 4053 1120 4108 solum
1139 4053 1263 4123 initium;
1284 4055 1313 4109 et
1331 4055 1371 4111 sic
1389 4057 1477 4112 habes

332 4147 354 4187 c.
375 4137 409 4185 20
429 4133 540 4186 taaeaee
558 4137 583 4186 et
598 4133 630 4186 ta
648 4133 711 4201 ipsa
724 4134 879 4188 stadiorum
893 4132 1068 4203 (forensium)
1081 4133 1180 4188 tacade
1195 4136 1287 4202 positi.
1303 4165 1336 4175 -
1352 4140 1477 4193 ceterum

332 4211 445 4266 iaaeaes
463 4216 488 4265 et
505 4213 563 4266 tam
580 4214 672 4279 foram
690 4213 836 4282 proposuit
854 4213 1011 4282 Emesam,
1034 4213 1147 4269 taaeaes
1164 4215 1221 4270 iam
1238 4217 1329 4282 forma
1348 4216 1368 4270 Ι.
1387 4216 1422 4272 Η.
1443 4219 1476 4273 Α.

331 4289 484 4345 Schulaius.

405 4378 437 4426 10
456 4373 501 4427 seat
520 4373 598 4443 lamae
620 4374 708 4444 mepte
729 4374 861 4440 facultate
883 4379 908 4428 et
926 4375 1078 4442 elaqaeats'a
1101 4377 1243 4432 caatimrt.
1284 4377 1476 4447 reponendum

332 4469 390 4507 esse
409 4455 588 4522 eloqaeate'am
606 4453 756 4522 postquam
775 4452 848 4508 uidit
865 4455 1015 4511 Rhenanus
1032 4461 1058 4512 et
1076 4457 1180 4526 delens,
1199 4456 1370 4525 Tyrwhitlus
1390 4458 1476 4528 (apud

331 4531 464 4587 Kiddium
483 4549 578 4606 opusc.
597 4531 760 4589 Ruhnkeuii
777 4552 804 4606 p.
824 4535 909 4607 LXX)
927 4538 1079 4608 praeeunte
1098 4536 1231 4608 Agricola
1252 4539 1317 4608 past
1339 4543 1364 4593 ct
1381 4537 1476 4609 patius
