3296 5168
463 369 754 436 COMMENTARIVS
773 371 939 428 CRITICVS
959 370 987 427 0.
1008 367 1120 430 15-1'7.
1322 374 1361 438 71

212 531 340 602 pinqitis).
360 561 393 572 -
413 532 460 586 sed
477 532 554 598 sama
576 533 642 587 Itali
665 533 820 588 sententiae
843 533 977 589 incuriosi
998 533 1029 588 in
1046 535 1094 590 sed
1110 536 1167 602 iere
1185 537 1364 590 mutauerant
1412 521 1414 528 .

215 613 310 681 (ferme
329 611 349 667 Ι.
371 611 534 680 Behkerus).
573 629 638 666 nam
657 610 745 667 CCCC
766 613 814 683 qui
832 613 905 670 iuter
916 616 1099 684 praesentem
1118 617 1148 670 et
1165 613 1363 671 Demosthenis

215 709 342 762 aetatem
359 707 576 764 intercesserunt
595 710 660 764 anni
673 727 736 765 oum
748 711 845 781 magni
858 711 934 767 illius
944 711 1010 767 anni
1023 712 1103 767 annis
1116 699 1363 767 iffnccccmssl

169 811 176 821 ·
215 788 375 858 comparati
402 789 526 844 efficiunt
544 790 722 846 tricesimam
751 793 901 846 secundam
933 792 1015 847 unius
1048 793 1115 847 anni
1146 791 1271 860 uulgaris
1303 792 1362 847 sine

215 869 332 923 tertiam
350 869 432 923 unius
451 871 553 924 mensis
571 872 693 939 partem,
712 871 742 924 id
761 873 803 926 est
820 873 937 927 sedium
950 873 1039 927 coelem
1052 888 1152 940 mense3
1173 873 1201 926 et
1215 870 1270 926 ho'c
1283 888 1362 941 prac-

215 951 291 1004 stare
310 950 379 1018 puto
398 949 567 1004 Michaelisii
585 952 741 1006 commento
758 958 798 1006 set
816 953 905 1008 etiam

288 1052 303 1100 1
327 1048 375 1102 sed
396 1052 504 1103 transeo
527 1049 564 1102 ad
587 1047 706 1103 Latinos
727 1054 855 1106 oratores.
898 1051 970 1106 solet
992 1050 1022 1105 in
1045 1049 1181 1106 eiusmodi
1199 1051 1235 1104 ad
1260 1067 1362 1106 nouam
1382 1070 1404 1108 e.
1426 1054 1460 1108 17

214 1145 273 1182 rem
293 1130 469 1198 transgressu
487 1129 583 1183 abesse
601 1129 741 1198 particula
759 1129 938 1185 aduersatiua
959 1131 1095 1197 huiusque
1115 1130 1176 1184 uice
1197 1131 1382 1200 plerumque⁴

214 1207 294 1277 iungi
313 1207 406 1276 ipsum
423 1207 494 1261 illud
515 1225 577 1262 cum
596 1207 625 1262 ui
643 1209 764 1276 quadam
783 1209 812 1263 in
829 1210 910 1265 initio
926 1210 1050 1281 positum
1069 1217 1185 1280 transeo,
1206 1229 1268 1266 eum
1286 1213 1362 1280 apud

215 1287 285 1342 alios
310 1287 459 1356 scriptores
481 1289 544 1341 tum
567 1288 597 1342 in
620 1289 673 1342 hoc
697 1288 809 1358 dialogo
833 1291 878 1358 (ei.
902 1292 1013 1362 praeter
1036 1298 1083 1359 22,
1108 1297 1120 1345 1
1147 1291 1184 1346 ad
1208 1291 1362 1346 Ciceronem

214 1369 297 1423 uenia
320 1368 442 1422 maxime
469 1373 518 1436 38,
544 1375 556 1422 1
584 1373 692 1424 transeo
716 1370 753 1423 ad
775 1370 910 1439 sormam).
951 1370 1022 1424 hene
1049 1369 1137 1439 igitur
1161 1376 1200 1425 set
1223 1387 1257 1425 ex
1284 1387 1362 1424 mera

214 1448 409 1518 dittographia
427 1447 500 1503 inter
518 1450 638 1504 astitisse
656 1452 685 1514 st
703 1455 812 1505 transeo
831 1451 929 1504 nalum
948 1465 1006 1504 esse
1025 1449 1168 1520 perspexit
1186 1451 1206 1506 1.
1225 1451 1270 1508 W.
1284 1449 1361 1505 Beck

215 1527 424 1598 Groninganus,
444 1528 555 1583 auditor
574 1546 665 1584 mens..

287 1631 304 1682 5
322 1642 389 1696 quos
407 1627 475 1695 quid
493 1627 616 1696 antiquis
634 1628 799 1696 temporibus
813 1629 909 1696 potius
927 1629 1099 1686 adscribatis.
1135 1647 1185 1698 pro
1203 1629 1271 1700 quid
1289 1629 1316 1700 (i.
1336 1645 1359 1684 e.

217 1708 313 1776 ‘quem
332 1707 369 1760 ad
387 1706 494 1775 finem')
513 1708 672 1762 maluerunt
686 1708 813 1762 Halmius
832 1725 894 1777 eur,
912 1709 1050 1764 Usenerus
1067 1711 1122 1779 qui.
1151 1709 1241 1764 tribus
1259 1709 1361 1764 litteris

213 1787 342 1858 repetitis
366 1786 462 1840 addidi
484 1787 533 1843 ita.
570 1803 636 1841 nam
660 1788 713 1842 hoe
737 1789 804 1857 qnid
822 1788 863 1842 ita
881 1790 913 1843 nt
935 1788 1074 1858 significat
1094 1781 1125 1843 id
1142 1789 1218 1858 qnod
1236 1789 1362 1859 postulat

212 1868 292 1923 loeus
310 1867 352 1921 ita
370 1866 400 1920 in
417 1883 447 1921 re
466 1883 538 1934 quae
557 1867 664 1934 aliquid
683 1866 747 1920 miri
766 1868 852 1922 habet
870 1871 1020 1938 usurpatur
1039 1870 1083 1937 (cf.
1101 1869 1254 1939 Seyffertus
1274 1869 1359 1925 schol.

213 1949 262 2002 let.
282 1949 295 2002 l
313 1949 371 2016 st),
391 1946 477 2001 etiam
496 1946 525 2001 in
544 1947 669 2000 oratione
688 1947 838 2016 indirecta,
856 1950 889 2002 ut
908 1951 983 2018 apud
1001 1948 1112 2004 Liuium
1127 1955 1170 2020 42,
1185 1957 1228 2020 26,
1244 1956 1259 2004 5
1277 1965 1360 2019 quas-

212 2029 297 2083 situm
314 2032 353 2082 est
371 2027 439 2096 quid
457 2027 498 2081 ita
516 2043 572 2081 non
590 2028 711 2082 adissent
729 2029 928 2096 maqistratum.

286 2131 302 2180 6
325 2130 357 2179 ut
379 2125 413 2180 de
432 2122 560 2182 Cicerone
583 2125 642 2194 ipsc
665 2126 775 2194 loquar,
799 2126 895 2181 Hirtia
918 2144 1012 2196 nempe
1034 2134 1059 2183 et
1079 2128 1176 2183 Pansa
1195 2128 1360 2194 consulibus,

213 2207 334 2280 utmTira
357 2205 471 2260 tibertus
493 2206 551 2260 eius
574 2206 696 2274 scripsit,
726 2205 793 2258 VII
812 2207 876 2268 idns
900 2208 1004 2262 occisus
1025 2214 1071 2262 est.
1108 2207 1195 2262 miror
1220 2208 1360 2262 neminem

213 2305 273 2343 esse
292 2285 428 2340 offensum
453 2285 546 2340 uerbis
569 2285 718 2340 Hirtio-
738 2286 896 2340 consulibus
917 2288 1066 2356 propterea
1088 2287 1263 2342 otiosissimis
1284 2287 1359 2356 qnod

212 2367 314 2424 iterum
333 2365 379 2420 hic
398 2366 560 2421 consulatus
580 2366 813 2420 commemoratur
831 2364 861 2418 in
879 2365 924 2420 eis¹
940 2383 1012 2435 quae
1030 2367 1097 2423 ilico
1115 2366 1360 2435 subiciunturque

213 2464 288 2504 anno
306 2448 391 2501 cliuus
413 2445 559 2516 Auqustus
576 2447 608 2500 in
625 2447 712 2500 iocum
732 2445 843 2500 Pansae
867 2451 892 2500 et
910 2445 1004 2500 Hirtii
1020 2463 1048 2501 se
1066 2452 1091 2501 et
1110 2447 1141 2518 Q.
1162 2447 1279 2501 Pedium
1297 2461 1359 2500 eon-

212 2529 284 2583 sules
310 2527 425 2594 suffecit.
471 2529 547 2602 recle
576 2525 684 2580 scilicet
710 2531 738 2578 bt
767 2525 881 2582 exhibet
907 2528 993 2582 atde
1018 2526 1144 2583 Cicerone
1166 2529 1224 2598 ipse
1249 2528 1358 2596 icquar:
1413 2541 1419 2552 ·

212 2609 331 2679 primum
360 2608 421 2676 ipse
449 2608 524 2676 Aper
552 2604 674 2660 breuiter
702 2607 828 2677 exponit,
862 2606 962 2661 deinde
995 2608 1178 2664 ostentandae
1215 2607 1359 2662 doctrinae

211 2688 305 2760 gratia
329 2685 469 2755 (nouimus
493 2686 567 2741 enim
589 2685 741 2756 hominem)
765 2687 884 2741 eandem
907 2705 964 2742 rem
988 2689 1144 2743 accuratius
1167 2687 1297 2757 designat
1315 2704 1359 2742 ac·

213 2768 315 2825 cursito
334 2766 444 2821 Tironis
463 2765 633 2820 testimonio.
669 2782 760 2833 neque
779 2765 837 2822 iam
860 2766 972 2836 oportet
989 2769 1022 2822 nt
1043 2769 1154 2836 scripsit
1172 2770 1285 2823 auctore
1303 2770 1358 2823 An-

213 2849 330 2904 dreseno
361 2847 392 2901 in
423 2846 521 2901 scribit
554 2845 755 2914 corrigamuss¹
779 2845 866 2900 uerba
898 2845 1009 2900 Tironis
1042 2847 1099 2901 suis
1130 2847 1206 2916 Aper
1243 2846 1360 2916 opponit

212 2930 316 2999 (uertas
337 2927 400 2984 ‘wie
420 2943 449 2980 es
468 2924 534 2979 Tiro
553 2925 742 2994 ausgcdriielrt
760 2924 843 2992 hat‘).
867 2955 897 2963 —
916 2928 981 2994 post
998 2926 1062 2981 idus
1075 2925 1186 2994 Lipsius
1205 2926 1358 2982 rectissime

212 3007 322 3063 eddidit
340 3007 511 3062 Decembres:
539 3003 671 3058 nimirum
688 3001 718 3056 in
736 3003 852 3071 antiquo
871 3004 993 3074 quodam
1012 3005 1165 3074 exemplari
1184 3007 1222 3060 id.
1241 3008 1296 3062 dee.
1315 3023 1357 3062 oc-

212 3090 286 3144 cisus
303 3088 408 3142 lectum
427 3085 494 3155 suit,
513 3086 546 3139 ut
564 3083 698 3138 facillime
716 3082 828 3138 litterae
851 3085 905 3139 dec.
924 3087 1041 3154 possent
1057 3084 1198 3140 interlabi.

285 3183 318 3232 10
336 3180 425 3230 actae
442 3191 539 3230 nauem
553 3179 578 3228 et
595 3172 798 3243 quinquaqinta
813 3189 910 3241 annos,
929 3176 1028 3244 quibus
1041 3191 1104 3230 mae
1118 3175 1201 3230 diuus
1214 3177 1382 3252 Anqustus·

211 3274 295 3328 remp.
314 3258 406 3312 rasit.
423 3300 429 3313 .
446 3273 523 3328 „aa
540 3260 644 3310 sextam
662 3256 719 3308 iam
736 3254 825 3321 seticis
842 3255 926 3309 buius
941 3257 1119 3324 principatus
1134 3256 1285 3324 statiouern,
1303 3273 1359 3326 qua

216 3338 403 3406 Vespasianus
418 3354 502 3408 remp.
521 3337 608 3404 faint:
637 3340 743 3389 eentum
765 3339 790 3389 et
814 3335 919 3404 uiqinti
942 3337 1012 3391 anni
1030 3337 1065 3391 ab
1085 3337 1202 3392 interitu
1221 3335 1359 3392 Ciceronis
1456 3330 1477 3358 Ὗ

211 3421 243 3474 in
260 3419 334 3473 bema
352 3418 421 3471 diem
440 3417 615 3488 colliquntur.
653 3412 804 3468 secundnm
824 3416 1027 3471 consentientia
1044 3418 1172 3471 ueterum
1191 3416 1359 3486 scriptorum

212 3494 375 3553 testimonia
393 3495 505 3565 Lipsius
523 3512 570 3550 sem
593 3499 618 3550 et
640 3493 844 3564 quinquaqinta
865 3493 997 3548 restitnit.
1034 3496 1075 3550 ita
1094 3514 1157 3550 eum
1176 3496 1285 3552 numeri
1301 3513 1358 3552 uon

213 3579 267 3635 sibi
286 3579 415 3633 constent
433 3577 479 3645 (ab
498 3581 575 3631 a..43
595 3592 620 3629 a.
640 3573 703 3628 Chr.
727 3593 754 3629 n.
778 3589 865 3642 usque
888 3573 925 3626 ad
944 3573 1022 3645 ‘listi
1042 3595 1068 3644 p.
1089 3576 1152 3631 Chr.
1171 3595 1198 3630 u.
1223 3583 1358 3645 non120,

213 3660 262 3715 sed
282 3664 332 3713 118
351 3657 417 3712 anni
436 3657 617 3727 efficiuntur),
642 3654 782 3724 Sanppins
804 3652 879 3707 infra
902 3653 1022 3708 correxit
1040 3671 1073 3709 ac
1090 3659 1305 3725 nouem‚'selicis
1324 3690 1357 3698 -

212 3741 369 3807 stationem,
387 3755 455 3808 qua,
478 3753 633 3792 sermonem
656 3753 680 3790 a.
706 3733 786 3805 'tti78
809 3733 937 3788 habitum
960 3751 1019 3789 esse
1038 3737 1140 3804 putans
1160 3737 1272 3808 [Philol.
1292 3737 1356 3791 XIX

212 3840 239 3891 p.
264 3820 339 3891 258}
386 3817 461 3886 quod
484 3818 633 3885 refutatur,
666 3815 699 3870 ut
725 3813 782 3869 alia
805 3814 930 3882 mittam,
959 3829 993 3868 eo
1021 3815 1096 3883 quod
1122 3814 1280 3884 Mucianus,
1308 3817 1357 3883 qui

213 3899 320 3970 dialogi
339 3917 362 3953 c.
381 3905 414 3953 37
438 3899 583 3967 tamqnam
605 3896 687 3951 uiuus
711 3896 959 3964 commemoratur,
983 3895 1048 3950 ante
1072 3913 1096 3951 a.
1117 3902 1149 3951 tt
1169 3897 1296 3952 mortuus
1314 3899 1357 3952 est

213 3983 261 4053 [cf.
281 3983 413 4037 lansenus
426 3999 453 4050 p.
469 3986 512 4048 16,
530 3977 733 4034 Weinlrauifius
746 3993 773 4046 p.
788 3973 942 4045 LXXVII];
960 3975 1034 4030 unde
1049 3977 1148 4046 elucet,
1167 3993 1232 4033 uere
1247 3977 1357 4032 codices

213 4064 322 4118 sextum
348 4059 461 4131 imperii
483 4059 666 4130 Vespasianei
688 4074 792 4110 annum
814 4054 939 4110 indicare
967 4057 1111 4125 tamquam
1139 4075 1202 4112 eum
1230 4074 1285 4124 quo
1310 4057 1357 4112 hic

213 4160 302 4198 sermo
322 4143 360 4198 sit
377 4140 529 4196 institutus.
568 4156 634 4210 ergo
656 4137 727 4192 nihil
749 4137 779 4191 in
797 4135 920 4191 numeris
939 4137 1117 4207 mutandum,
1137 4138 1186 4192 sed
1206 4155 1356 4208 agnoscen-

212 4222 279 4277 dum
298 4239 357 4278 esse
375 4220 444 4291 Apri
467 4237 588 4276 errorem
611 4218 756 4276 existumo.
792 4235 859 4273 nam
881 4217 1010 4285 quamuis
1032 4233 1067 4272 ne
1082 4218 1122 4272 sic
1147 4217 1261 4286 quidem
1280 4219 1357 4273 omni

212 4306 332 4372 aparte
357 4303 436 4356 reeta
459 4300 555 4355 euadit
578 4299 750 4369 computatio
774 4297 820 4372 [ts
835 4298 917 4374 4723
932 4297 966 4367 4-
982 4303 998 4352 4
1013 4299 1047 4367 -l-
1064 4303 1097 4351 14
1112 4297 1145 4366 -l-
1162 4302 1195 4352 14
1210 4298 1243 4367 -l-
1260 4304 1274 4353 1
1290 4299 1355 4368 -l-ri

213 4382 343 4452 =121],
366 4380 468 4436 rectior
490 4382 586 4435 tamen
609 4381 651 4434 est
673 4396 758 4448 qnam
781 4377 805 4432 si
827 4379 940 4433 auctore
964 4377 1060 4447 Lipsio
1084 4382 1118 4432 bt
1146 4393 1235 4432 annos
1258 4379 1356 4433 damus

212 4461 353 4533 Augusto,
372 4479 434 4517 cum
452 4460 618 4530 praesertim
636 4460 708 4514 illud
725 4465 829 4516 sentam
846 4459 903 4513 iam
921 4455 1020 4512 innuat
1042 4455 1171 4524 quintum
1190 4457 1355 4528 Vespasiani
