3296 5168
421 371 712 430 COMMENTARIVS
732 374 897 430 casumve
915 373 944 430 (l.
964 382 1078 430 36-37.
1283 375 1326 440 95

180 535 297 602 iectum3
321 535 458 592 incessere
477 554 506 592 se
525 538 620 593 autem
639 536 736 590 doctos
754 538 903 605 propterea
922 537 996 606 quod
1015 536 1045 592 id
1058 537 1148 592 multo
1162 555 1247 607 qnam
1264 537 1326 607 ipse

181 614 338 670 accuratius
357 618 564 686 perspexerant.
600 633 667 670 nam
686 633 748 670 cum
767 615 924 688 pluralibus
944 619 1171 687 (producerentur
1188 619 1217 672 et
1234 619 1328 673 uocati

179 697 397 763 respondendnm
415 698 554 767 baberent)
572 696 659 751 uerba
677 696 707 749 in
725 696 857 750 lemmate
875 697 968 767 posita
983 698 1039 752 sint
1056 697 1173 767 inclusa,
1194 698 1326 753 ‘certissi-

180 791 241 827 mus
260 773 311 829 ille
330 777 465 831 sermonis
484 776 567 830 latini
584 776 655 830 mos’
676 774 788 844 flagitem
804 775 834 828 id
854 776 929 844 quod
948 778 1083 832 sermonis
1102 777 1185 832 latini
1203 776 1326 848 optimus

179 851 365 909 existumator
387 856 532 911 Ernestins
560 855 686 925 reposuit
708 854 799 925 ipsum
822 857 880 910 nisi
902 858 1013 926 ingenio
1033 889 1064 897 —
1084 863 1233 912 tuerentur.
1268 857 1324 913 ‚sed

178 931 321 1002 duplicem
339 935 525 989 mutationem
549 951 612 988 cum
635 933 695 988 iure
717 932 848 1003 fugerent
866 952 956 1004 neque
979 937 1103 1006 placeret
1126 935 1326 1006 debilabipsii

178 1014 369 1067 commentum
391 1015 450 1069 nisi
471 1015 533 1085 quis
552 1045 585 1053 -
604 1019 738 1080 tueretur,
767 1013 932 1082 cogitabant
952 1016 1046 1082 potins
1069 1016 1104 1070 de
1128 1015 1234 1085 dialogi
1256 1015 1343 1068 uitio*

177 1093 309 1147 sollemni
328 1095 513 1164 lacunamque
532 1094 645 1148 subesse
664 1093 816 1163 putabant,
837 1111 922 1162 quam
940 1093 1117 1152 Andresenus
1137 1097 1175 1168 [p.
1197 1097 1261 1168 162]
1281 1113 1325 1150 ex·

176 1174 277 1242 plebat
298 1172 368 1246 <nec
391 1177 535 1245 quisquam
558 1175 720 1228 auctoritate
742 1172 889 1244 florebat),
912 1175 970 1228 nisi
992 1177 1041 1245 qui
1064 1205 1097 1216 —-
1119 1181 1254 1243 tueretur,
1273 1175 1326 1250 ‘cni

177 1253 350 1308 Ritscbelius
369 1253 505 1324 praetulit
522 1253 591 1327 <nec
605 1251 806 1326 probaretur),
824 1254 881 1307 nisi
899 1255 954 1322 qui.
983 1256 1149 1324 quibuscum
1163 1256 1246 1325 plane
1262 1272 1325 1310 con·

177 1334 301 1390 sentiens
324 1331 439 1404 inipso
463 1334 580 1388 remedii
606 1351 708 1404 genere
735 1331 829 1403 recepi
856 1337 952 1388 tamon
978 1354 1071 1391 meum
1100 1336 1326 1406 supplementum

176 1414 269 1468 lenius
290 1413 526 1484 commodiusque.

251 1501 284 1549 31
305 1497 458 1550 testimonio
476 1513 579 1566 quoque
597 1497 628 1550 in
642 1496 765 1564 publicis
781 1511 838 1549 non
853 1495 980 1551 absentes.
1008 1495 1141 1565 Agricola
1159 1497 1191 1551 in
1204 1498 1325 1567 publicis

177 1577 305 1643 iudiciis,
331 1575 458 1630 Cuiacius
481 1578 513 1630 in
531 1577 645 1632 iudiciis
660 1576 793 1646 publicis,
817 1575 997 1629 Heumannus
1016 1574 1183 1645 simpliciter
1201 1577 1233 1631 in
1251 1577 1324 1632 iudi·

177 1657 229 1710 ciis
248 1655 408 1710 uoluerunt.
445 1659 536 1712 causis
555 1657 614 1711 siue
632 1659 672 1709 ds
689 1654 825 1710 facillime
844 1655 910 1722 post
922 1656 1045 1724 publicis
1063 1655 1155 1726 periit.

250 1741 285 1791 34
313 1741 338 1791 et
365 1739 503 1792 commodo
530 1739 681 1793 disertum.
698 1779 704 1791 .
720 1737 787 1790 .sed
815 1740 910 1789 contro
939 1741 1051 1790 mutum.
1100 1736 1241 1808 oppositio
1269 1751 1326 1791 nou

177 1818 257 1872 modo
277 1847 310 1855 -
329 1818 376 1871 scd
394 1823 490 1872 contro
509 1820 538 1873 et
556 1817 656 1872 melior
673 1833 725 1886 per
743 1833 772 1870 se
791 1817 821 1870 et
838 1815 873 1869 ab
893 1816 953 1870 arte
971 1817 1065 1886 potior
1084 1818 1126 1872 est
1149 1836 1233 1887 quam
1252 1835 1325 1880 com·

176 1897 288 1967 paratio
308 1896 439 1953 restituta
458 1898 493 1952 ab
511 1897 640 1953 Acidalio
659 1899 790 1967 quomodo
802 1927 838 1940 —-
853 1898 891 1952 sic
912 1903 1015 1961 contro,
1036 1915 1091 1966 qua
1109 1898 1152 1952 bis
1171 1899 1325 1953 immutatur

177 1978 316 2047 scriptura
340 1977 453 2032 tmdim.
497 1981 543 2034 sed
568 1985 664 2036 contro
689 1979 777 2034 habes
803 1995 836 2033 ex
861 1995 901 2048 gr.
932 1979 1008 2049 apud
1033 1977 1194 2034 Ciceronem
1222 1981 1257 2033 de
1285 1995 1324 2036 or.

178 2056 217 2110 Ill
237 2064 279 2113 93,

248 2145 265 2192 o
293 2139 325 2192 in
351 2155 451 2194 manus
475 2145 581 2195 uestras
605 2141 671 2195 boec
694 2131 798 2206 uetera,
828 2155 897 2208 quoe
921 2145 946 2193 et
970 2141 1002 2194 in
1030 2142 1205 2208 antiquorum
1230 2139 1324 2194 biblio·
1345 2158 1367 2197 c.
1386 2141 1422 2197 37

179 2219 260 2274 tbecis
285 2219 375 2273 adbuc
398 2225 509 2274 monent
533 2225 558 2274 et
581 2237 641 2274 cnm
664 2221 781 2274 monime
804 2236 821 2272 o
847 2219 984 2274 Muciano
1002 2221 1211 2275 contrabuntur.
1254 2220 1324 2274 adeo

179 2299 293 2353 obscure
318 2299 361 2352 est
384 2299 490 2354 dictum
513 2301 578 2354 boec
599 2305 704 2367 uetera,
728 2302 761 2353 ut
784 2296 940 2352 mirandum
964 2316 1020 2353 non
1046 2300 1083 2354 sit
1110 2301 1185 2369 quod
1210 2298 1324 2354 Scbura·

177 2376 316 2433 fleischius
339 2379 405 2434 boec
428 2381 602 2448 aduersario,
627 2379 804 2433 Andresenus
829 2377 867 2448 [p.
894 2378 956 2450 138]
980 2380 1045 2435 boec
1070 2385 1163 2435 urimo
1181 2379 1325 2434 uolumina

177 2474 355 2528 proposuere.
397 2459 516 2528 pessime
540 2459 640 2514 deinde
664 2475 722 2513 sese
750 2458 837 2513 babet
864 2465 889 2514 et
907 2466 996 2529 -et,
1025 2479 1142 2531 quorum
1171 2459 1248 2530 prius
1276 2460 1324 2514 de-

178 2539 248 2594 leuit
266 2540 457 2594 Heumannns.
494 2543 635 2610 postremo
655 2540 831 2607 antiquorum
850 2539 1024 2596 bibliothecae
1038 2541 1084 2597 bic
1097 2542 1191 2596 nullae
1211 2539 1323 2596 omnino

177 2621 249 2674 sunt.
288 2621 337 2674 sed
352 2619 619 2692 Scburcfleischium,
639 2637 701 2675 cum
721 2619 862 2674 coniceret
880 2613 1110 2692 antiquariorum,
1129 2621 1230 2677 fefellit
1243 2621 1323 2676 ratio.

176 2717 228 2754 nec
248 2699 323 2753 enim
343 2701 443 2769 claret,
464 2699 512 2755 cur
531 2703 630 2782 horum
653 2700 832 2771 potissimum
853 2698 1044 2758 bibliothecae
1066 2706 1323 2773 commemorentur,

177 2796 272 2834 omnes
296 2781 356 2836 tam
379 2781 508 2849 publicae
534 2800 618 2850 quam
641 2782 769 2851 priuatae
793 2797 857 2834 cum
880 2781 1010 2836 Muciano
1033 2784 1161 2837 ueterum
1183 2784 1324 2836 oratorum

177 2859 309 2930 reliquias
330 2859 483 2929 conligenti
501 2861 606 2916 fuerint
624 2861 768 2915 adeundae
788 2859 873 2927 (quod
889 2877 906 2914 a
920 2859 1086 2929 quibusdam
1105 2863 1324 2933 antiquariorum

176 2956 226 3008 pro
255 2940 416 2995 Farnesiani
448 2941 567 2996 lectione
600 2941 738 3009 adfertur,
771 2941 800 2994 et
832 2955 908 2994 error
940 2956 999 2994 esse
1032 2942 1144 2996 uidetur
1172 2941 1323 2996 secundum

176 3019 324 3076 Michaelis
347 3019 488 3075 silentium
512 3023 553 3091 et,
582 3021 606 3075 si
630 3038 696 3076 uera
719 3021 793 3075 esset
816 3019 893 3074 illiu's
916 3021 1015 3089 lectio,
1043 3021 1140 3076 contra
1168 3023 1323 3077 ceterorum
1411 3051 1416 3061 ·

177 3102 305 3157 codicum
320 3117 486 3157 consensum
499 3101 540 3155 nil
555 3102 760 3171 conprobaret).
789 3099 845 3155 tria
858 3101 930 3155 uitia
943 3100 982 3154 sic
996 3100 1074 3170 tollo,
1089 3105 1121 3156 nt
1133 3103 1199 3157 boec
1212 3105 1324 3158 r'mue‘m

175 3199 246 3252 quoe
259 3184 291 3238 in
304 3183 481 3251 antiquorum
495 3182 661 3238 bibliothecis
674 3180 704 3235 in
717 3180 829 3234 uetusto
843 3179 937 3250 aliquo
948 3179 1044 3234 codice
1057 3182 1154 3251 putem
1166 3185 1323 3251 exaratum

177 3264 206 3316 et
220 3263 313 3318 uerbis
333 3262 445 3332 quidem
460 3262 531 3318 falso
546 3261 697 3318 conlocatis
713 3279 782 3331 quoe
795 3262 827 3315 in
841 3262 1017 3330 antiquorum
1031 3263 1221 3333 suprascripta
1235 3265 1323 3318 bans-

176 3343 300 3412 ponendi
324 3345 393 3397 nota
416 3343 607 3412 accipiebatur
629 3361 680 3412 pro
707 3347 733 3398 et
756 3342 800 3410 (cf.
825 3342 861 3396 ad
885 3358 907 3395 c.
932 3346 961 3409 7,
986 3343 1045 3410 lb),
1068 3343 1205 3413 neglectis
1228 3348 1323 3399 autem

175 3439 218 3478 mo
241 3422 373 3478 litterulis
392 3425 461 3478 acra
479 3423 571 3478 scriba
592 3421 831 3492 interpretabatur
849 3426 949 3476 uetero.

248 3509 282 3558 35
301 3521 367 3559 num
385 3519 438 3574 quo
456 3505 567 3573 saepius
585 3506 686 3558 steterit
704 3510 844 3572 tamquam
862 3503 894 3556 in
912 3501 970 3554 acie
985 3541 1080 3556 .....
1096 3519 1148 3572 guo
1166 3506 1255 3560 maior
1273 3508 1323 3560 cd-

177 3585 319 3639 uersarius
342 3589 366 3638 et
389 3587 481 3640 acrior
504 3585 552 3654 qui
569 3601 682 3654 pupnus
704 3584 758 3637 sibi
780 3584 856 3650 ipsos
879 3582 1068 3648 desumpserit,
1092 3588 1169 3638 tanto
1193 3587 1276 3640 altior
1298 3591 1323 3641 et

176 3666 304 3719 excelsior
323 3671 348 3719 et
365 3666 423 3721 illis
440 3666 602 3721 nobilitatus
621 3663 782 3719 criminibus
800 3663 832 3716 in
850 3677 895 3715 ore
913 3661 1052 3715 bmninum
1071 3663 1138 3730 cpit,
1157 3680 1272 3732 quorum
1290 3683 1323 3720 eo

176 3750 280 3800 nutura
307 3751 345 3800 est
371 3752 403 3800 ut
430 3764 526 3803 securo
554 3747 649 3801 uelint.
699 3745 729 3798 in
757 3745 824 3798 duas
852 3744 947 3811 partes
974 3740 1121 3796 discedunt
1148 3742 1236 3798 docti:
1274 3745 1323 3798 aut

177 3828 318 3881 oratorem
342 3830 391 3881 ant
413 3826 504 3898 ipsam
529 3825 719 3894 eloquentiam
741 3824 841 3878 borum
859 3822 1008 3876 uerborum
1031 3821 1139 3876 faciunt
1157 3822 1321 3878 subiectum.
1408 3817 1413 3826 ’

177 3923 194 3960 a
218 3907 310 3976 priore
335 3910 417 3976 parte
443 3910 520 3963 stant
545 3906 672 3962 Schelius
698 3904 866 3959 sententiam
891 3902 1017 3973 proxime
1041 3904 1252 3972 praecedentem
1281 3904 1321 3958 sic

176 3988 289 4042 mutans
316 3988 415 4041 similis
443 3990 591 4059 eloquentis
618 3987 754 4053 condicio,
783 3983 943 4054 Schopenus
976 3987 1041 4053 post
1066 3986 1168 4039 steterit
1198 3985 1322 4040 inserens

177 4071 283 4134 orator,
301 4066 448 4121 Michaelis
467 4070 528 4136 quis
546 4071 612 4124 ante
630 4068 740 4136 saepius
759 4065 873 4120 addens.
911 4065 1009 4118 contra
1029 4064 1156 4119 Latinius
1174 4066 1321 4120 nobilitato

177 4146 326 4202 restituens
345 4147 380 4202 ad
399 4149 588 4216 eloquentiam
607 4146 701 4205 omnia
724 4144 842 4201 rettulit.
885 4161 968 4214 quam
992 4144 1165 4215 opinionem,
1187 4163 1250 4201 cnm
1269 4163 1321 4215 pro

177 4226 339 4281 criminibus
357 4227 407 4281 aut
424 4227 514 4296 Lipsii
532 4230 719 4284 commentum
737 4226 942 4281 discriminibus
960 4229 1008 4280 aut
1023 4224 1146 4280 Acidalii
1164 4228 1320 4282 certamini·

177 4306 227 4360 bus
254 4305 366 4361 omnino
394 4305 432 4361 sit
458 4307 658 4377 necessarium,
687 4307 754 4361 scite
783 4306 966 4361 obseruarunt
993 4306 1112 4361 Orellius
1140 4310 1169 4361 et
1191 4306 1320 4362 Halmius

177 4386 259 4458 [mus.
279 4387 366 4442 Rben.
385 4386 503 4443 XXVIII
521 4406 548 4458 p.
568 4389 633 4460 501]
653 4387 773 4442 maxime
792 4385 1032 4440 commendarint
1050 4384 1114 4440 aliis
1132 4385 1174 4442 ita
1186 4387 1240 4442 hoc
1258 4387 1320 4457 ipso

176 4467 304 4522 codicum
328 4465 401 4522 uitio
423 4469 748 4524 nobilitatuscriminibus
769 4467 846 4521 recte
870 4465 1018 4536 explicato.
1055 4466 1085 4520 in
1108 4466 1207 4522 mediis
1226 4469 1320 4523 autem
