3296 5168
515 429 699 487 sonuum
716 411 763 484 'us
784 405 1027 486 coemamus.
1280 429 1343 492 103
1371 396 1374 400 ¹

200 592 284 647 lenda
303 593 412 648 censuit
430 594 462 646 ut
479 593 633 664 glossema,
652 594 681 647 in
701 592 934 648 commentatione
955 591 993 646 sic
1018 589 1152 660 inscripta
1173 590 1219 646 ‘da
1239 589 1346 660 dialogi

202 672 250 741 qui
269 671 361 727 Taciti
379 673 500 728 nomine·
510 673 598 727 fertur
611 672 759 728 indicium'
781 675 856 742 [ann.
871 673 969 742 philol.
985 672 1075 742 suppl.
1090 672 1142 725 ΧΗ
1156 689 1183 740 p.
1199 670 1343 740 ao1sqq.].

272 753 359 819 Quem
384 752 512 808 libellum
534 753 611 808 haud
639 769 742 823 paucae
770 753 981 807 obseruationes
1010 750 1127 806 subtiles
1154 750 1344 805 continentem

202 832 267 887 dum
286 832 440 903 perlustro,
459 833 609 888 mirantem
623 851 668 888 me
682 833 782 887 habuit
799 832 851 887 illa
865 830 973 903 opinio,
992 848 1048 901 qua
1062 829 1197 901 Vogelius
1216 829 1344 898 Tacitum

199 913 228 966 in
258 913 370 984 dialogo
399 912 567 980 Quintiliani
594 913 679 968 fuisse
708 915 875 968 sectatorem
903 913 1011 968 statuit.
1052 912 1091 966 sic
1115 909 1190 965 enim
1214 910 1344 980 equidem

200 1009 310 1062 semper
328 993 508 1062 existumaui,
528 992 650 1063 plurima
669 1011 741 1062 quae
758 993 789 1047 in
807 993 921 1064 dialogo
936 995 966 1048 et
978 991 1201 1047 institutionibus
1216 989 1344 1045 oratoriis

203 1073 261 1127 siue
280 1090 297 1128 a
316 1074 463 1130 sententiis
483 1073 542 1128 siue
561 1090 578 1127 a
596 1073 766 1129 dictionibus
785 1074 935 1129 concinant
954 1073 1094 1128 communi
1112 1072 1257 1127 amborum
1277 1071 1343 1126 scri-

199 1155 312 1221 ptorum
335 1169 406 1208 aeuo
431 1153 539 1222 dabam,
562 1170 654 1223 pauca
678 1156 771 1208 autem
796 1171 868 1223 quae
892 1153 1026 1209 maiorem
1054 1170 1105 1208 nec
1132 1153 1205 1206 forts
1233 1152 1344 1206 fortuna

200 1235 297 1288 nutam
316 1233 529 1288 similitudinem
547 1251 614 1302 puae
635 1251 664 1289 se
681 1235 773 1288 ferant
796 1234 840 1303 (ol.
852 1265 853 1268 =
865 1250 906 1288 es.
930 1253 971 1304 gr.
991 1234 1027 1288 ad
1045 1251 1067 1288 c.
1088 1240 1131 1304 20,
1152 1235 1195 1303 17)
1214 1232 1279 1287 inde
1298 1249 1344 1287 ex-

199 1313 300 1383 plicari
320 1315 394 1383 qnod
411 1314 504 1384 ipsum
524 1314 667 1385 dialogum
686 1315 722 1371 ob
742 1315 838 1369 oculos
856 1313 987 1368 habuerit
1006 1313 1203 1379 Quintilianus.

270 1393 396 1464 Denique
415 1394 568 1450 uidendum
589 1396 645 1464 est,
664 1413 731 1449 num
750 1395 822 1450 forte
841 1395 1022 1449 difficultates
1042 1394 1188 1449 uerborum
1208 1410 1231 1449 o.
1249 1398 1289 1461 17,
1308 1399 1342 1448 2⁷

199 1491 263 1530 uam
288 1475 426 1530 Coruinus
448 1477 480 1530 iu
501 1476 621 1531 medium
643 1491 726 1545 usque
749 1477 872 1545 Augusti
890 1475 1096 1543 principatum,
1119 1473 1237 1528 Asinius
1254 1490 1344 1541 paene

200 1556 236 1610 acl
266 1562 413 1610 extremum
441 1558 557 1612 duuuuit
584 1555 629 1625 (cf.
658 1558 806 1612 comment.
829 1575 857 1627 p.
882 1556 979 1626 Περ.)
1008 1553 1145 1608 tollantur
1172 1554 1266 1608 orauit
1293 1569 1343 1623 pro

199 1637 314 1692 durasset
332 1637 464 1706 reposito.

270 1716 325 1771 Sed
337 1717 400 1804 finis
415 1718 527 1771 tandem
542 1717 727 1787 imponendus
742 1718 784 1771 est
801 1717 867 1771 huic
882 1714 1006 1770 editioni.
1037 1731 1122 1783 quam
1135 1715 1168 1767 ut
1187 1713 1343 1768 studiorum

197 1813 247 1866 per
274 1795 391 1867 longum
413 1790 525 1867 tempu's
548 1797 578 1851 in
600 1797 727 1851 libellum
753 1813 869 1852 aureum
893 1813 910 1851 a
932 1811 977 1849 me
1005 1793 1186 1864 inpensorum
1214 1797 1344 1863 (quorum

198 1876 351 1946 specimina
372 1878 507 1932 nonnulla
529 1879 587 1932 iam
610 1879 675 1931 ante
694 1877 803 1946 aliquot
825 1893 913 1932 anuos
935 1875 1021 1930 uariis
1046 1876 1116 1931 locis
1141 1874 1280 1944 exhibui),
1303 1875 1344 1929 ita
1384 1911 1389 1920 .

199 1958 301 2012 amoris
321 1958 454 2012 aduersus
473 1959 563 2013 uirum
584 1957 696 2027 egregie
716 1956 750 2012 de
768 1956 818 2012 illo
837 1956 969 2012 meritum
987 1953 1113 2025 mihique
1132 1953 1343 2009 adulescentulo

199 2036 267 2092 olim
285 2036 316 2092 in
334 2038 480 2108 gymnasio
499 2037 659 2094 Coloniensi
677 2039 887 2108 praeceptorem
906 2036 1122 2104 dilectissimum
1143 2034 1343 2090 documentum

198 2120 291 2172 extare
310 2119 396 2173 uolui.
