3296 5168
293 374 335 439 72
621 371 912 428 COMMENTARIVS
931 371 1103 430 CBITICVS.

292 553 395 592 annum
413 534 528 589 mxdrrm
546 533 633 590 fuisse
652 533 770 589 finitum.
807 549 896 601 neque
920 533 1007 590 talem
1031 550 1152 590 errorem
1173 533 1257 590 nimis
1276 533 1445 590 mirabimur

290 616 320 672 in
339 617 429 685 Apro,
449 631 504 670 non
526 617 569 669 sat
593 616 744 670 accuratae
763 613 926 668 eruditionis
949 614 1075 683 homine,
1099 614 1123 669 si
1146 615 1324 670 recordamur
1347 615 1443 670 simile

294 697 354 752 eius
373 697 520 766 peccatum
539 695 624 764 paulo
643 696 708 763 post
725 695 756 748 in
775 693 887 748 Coruini
906 696 935 748 et
952 693 1043 750 Asinii
1061 696 1234 766 temporibus
1251 695 1456 752 commissum.-

292 777 340 832 sed
359 778 485 831 remanet
509 774 667 845 corruptela
690 773 720 829 in
744 773 837 828 uerbis
856 781 961 831 sentam
978 779 1035 831 iarn
1058 777 1146 844 felicis
1164 777 1247 832 teins
1263 777 1442 846 principatus
1487 821 1492 829 .

291 856 443 912 stationem.
487 856 516 910 et
540 872 634 910 eorum
659 854 773 922 quidem
796 855 969 925 opinionem,
994 856 1042 924 qui
1064 856 1232 926 Vespasiani
1250 856 1441 926 principatum

292 938 401 992 sextum
420 936 513 992 locum
531 935 560 990 in
578 935 632 989 hac
652 934 861 990 enumeratione
880 933 1006 1005 optinere
1025 938 1125 1006 putant
1143 936 1262 992 artificio
1280 934 1441 992 incredibili

292 1018 321 1073 et
336 1033 370 1071 ne
384 1018 460 1071 recto
476 1014 587 1084 quidem
609 1014 768 1083 (septimum
783 1013 857 1068 enim
875 1016 966 1070 locum
982 1015 1030 1070 ille
1045 1017 1172 1086 optinet),
1191 1015 1310 1086 neglego
1329 1017 1392 1085 post
1406 1034 1441 1070 ea

292 1113 363 1166 quae
396 1095 530 1150 Iansenus
554 1095 572 1149 1.
597 1093 615 1148 l.
641 1095 757 1150 monuit.
802 1095 970 1164 ubicumque
995 1097 1088 1150 autem
1113 1095 1243 1151 stationis
1270 1095 1440 1150 uocabulum

291 1176 458 1232 transfertur
477 1176 512 1230 ad
532 1174 735 1244 designandum
755 1174 904 1231 Caesarum
915 1174 1072 1245 imperium
1091 1175 1137 1247 (cf.
1153 1174 1279 1231 Velleius
1296 1175 1322 1228 11
1341 1181 1392 1230 124
1412 1177 1441 1230 et

294 1255 358 1324 131'3
388 1257 500 1311 Sueten.
530 1253 627 1310 Claud.
652 1261 699 1322 38;
730 1257 834 1310 Fronto
858 1274 884 1326 p.
910 1260 960 1310 168
984 1256 1081 1326 Nan),
1109 1254 1202 1326 ipsum
1228 1253 1441 1327 imperatorium

292 1356 391 1393 munus
414 1335 565 1408 siguificat,
589 1354 645 1392 non
667 1354 754 1391 unum
773 1335 894 1404 aliquem
917 1354 1021 1390 anuum
1038 1335 1118 1407 regni
1140 1339 1189 1392 aut
1211 1334 1295 1391 huius
1317 1335 1440 1407 partem3

292 1437 382 1488 neque
402 1435 459 1488 qua
481 1414 590 1472 ratione
614 1418 668 1472 hoc
691 1416 753 1471 fieri
774 1415 862 1470 liceat
883 1419 971 1486 patet.
1012 1415 1078 1472 hinc
1103 1418 1241 1472 conruunt
1263 1413 1441 1470 coniecturae

292 1500 358 1554 ante
377 1499 533 1568 temptatae
551 1498 657 1552 multae
681 1498 779 1568 (ueluti
800 1495 912 1552 Meiseri
934 1514 1075 1554 senennene
1099 1528 1132 1537 -
1156 1499 1312 1563 stationem,
1336 1494 1441 1550 Schelii

291 1597 338 1634 sea
361 1581 431 1646 iarn,
455 1583 512 1634 taen
535 1579 557 1646 f.
575 1581 600 1634 11.
617 1596 662 1648 pr.
681 1578 840 1645 stationem).
882 1595 933 1632 nec
956 1576 1047 1647 magis
1076 1578 1169 1631 tutum
1195 1574 1441 1646 Schultingianum

292 1664 411 1714 seentarn
434 1659 491 1713 iam
517 1689 550 1699 -
574 1660 717 1714 stationem
741 1660 792 1713 aut
814 1653 948 1712 Urlichsii
969 1657 1141 1726 temptamen
1164 1659 1384 1727 septimaniam
1405 1687 1442 1697 -

292 1739 448 1804 stationem;
473 1741 579 1793 certum
604 1737 678 1794 enirn
702 1755 840 1794 annorum
862 1753 1007 1790 numerum
1031 1737 1076 1791 hio
1105 1753 1216 1806 quoque
1244 1735 1368 1806 flagitari
1394 1753 1443 1806 ap-

292 1817 380 1886 paret.
419 1817 494 1884 quod
519 1836 571 1887 ego
594 1819 688 1889 recepi
711 1817 740 1872 in
767 1819 876 1872 textum
899 1821 1004 1871 11111111
1030 1818 1099 1887 (1111.
1128 1819 1241 1886 annum)
1270 1817 1326 1870 iarn
1353 1816 1443 1883 felicis

292 1898 376 1951 tnins
394 1898 535 1966 stationis,
555 1896 584 1950 id
603 1897 698 1967 glossa
711 1899 891 1966 principatus
910 1915 993 1966 supra
1011 1898 1151 1953 insuetum
1173 1897 1294 1951 librariis
1313 1887 1442 1952 stationis

293 1976 387 2047 posita
401 1977 539 2047 paulatim
548 1976 578 2030 in
593 1994 654 2032 eam
670 1995 755 2046 quam
769 1975 880 2031 codices
894 1975 1056 2046 praeferunt
1069 1977 1190 2048 speciem
1201 1978 1385 2047 deprauatum
1399 1980 1443 2033 est

294 2058 423 2129 (fortasse
442 2073 489 2112 sen
507 2059 565 2112 iane
584 2059 633 2126 (sc.
653 2062 753 2125 annos)
772 2062 829 2111 taen
847 2074 864 2110 a
884 2055 995 2112 Schelio
1014 2059 1137 2114 mutuari
1155 2061 1299 2129 praestat).

366 2142 398 2191 18
418 2138 482 2192 nidi
499 2153 599 2204 senem,
623 2139 672 2207 qni
694 2154 720 2192 se
744 2138 891 2205 fatebatur.
933 2137 973 2192 sic
996 2138 1028 2191 ut
1045 2143 1072 2190 M
1091 2137 1180 2192 secuti
1198 2139 1325 2209 legamus
1344 2142 1444 2196 suadet

293 2218 369 2286 quod
388 2217 474 2288 paulo
493 2217 566 2271 infra
585 2219 663 2272 extat
681 2219 793 2273 uidistis
807 2219 950 2288 plerosque
967 2234 1041 2273 senes
1059 2220 1107 2288 pni
1122 2261 1128 2272 .
1145 2261 1150 2272 .
1168 2221 1351 2276 ,11111αό1111

365 2296 433 2351 ibid.
453 2299 478 2351 ei
491 2313 604 2367 pnpnae
622 2299 794 2367 interfuisse,
813 2317 868 2369 pna
888 2297 1029 2353 Caesarem
1052 2300 1212 2366 inferentem
1230 2317 1309 2354 arena
1326 2300 1443 2355 Britan-

293 2379 772 2449 11111111111111111111111111
795 2380 916 2451 oppressi
938 2383 1011 2434 snnt.
1048 2378 1188 2434 neminem
1209 2379 1442 2434 animaduertisse

292 2459 392 2526 uideor
410 2459 455 2512 his
474 2457 567 2512 uerbis
582 2457 724 2529 designari
738 2477 818 2529 posse
832 2460 943 2514 tanturn
957 2457 1079 2529 priorem
1096 2457 1221 2513 Caesaris
1235 2459 1442 2529 expeditionem

294 2539 492 2595 Britannicam.
530 2538 686 2593 tamenim
706 2557 730 2595 a.
751 2545 784 2594 55
803 2557 827 2593 a.
848 2538 912 2592 Chr.
932 2557 958 2592 1.
978 2538 1103 2592 Britanni
1123 2555 1187 2592 eum
1206 2555 1298 2594 arcere
1316 2541 1443 2595 litoribus

295 2619 458 2687 studebant,
479 2637 541 2673 curn
562 2620 659 2673 contra
676 2635 750 2674 anno
769 2617 948 2687 subsequenti
967 2617 1047 2670 hoste
1065 2634 1120 2671 non
1135 2617 1308 2687 impediente
1326 2617 1356 2672 in
1374 2617 1442 2674 litus

295 2700 480 2770 egrederetur.
519 2698 632 2752 consule
651 2697 744 2768 ipsum
764 2698 910 2753 Caesarem
936 2697 971 2767 [b.
991 2714 1017 2765 g.
1037 2695 1075 2750 IV
1094 2698 1212 2769 23sqq.]
1240 2697 1275 2752 de
1296 2715 1329 2752 ea
1347 2715 1443 2768 pugna

295 2780 491 2848 exponentem:
522 2777 592 2831 duas
615 2776 697 2832 huius
720 2777 806 2833 fuisse
829 2779 923 2848 partes
947 2777 1086 2845 inuenies,
1111 2794 1195 2832 unam
1219 2795 1275 2847 qua
1293 2778 1442 2849 prohibere

295 2857 442 2926 quominus
457 2855 577 2912 Romani
592 2856 710 2912 nauibus
725 2859 935 2927 egrederentur,
954 2858 1072 2912 alteram
1092 2876 1148 2926 qua
1162 2875 1288 2928 egressos
1302 2859 1441 2930 depellere

294 2937 440 2991 studerent
458 2933 595 2992 Britanni.
638 2939 667 2991 et
689 2938 742 2992 hac
765 2936 896 3007 equidem
919 2937 1113 2994 obseruatione
1135 2939 1200 2993 utor
1217 2939 1254 2992 ad
1272 2939 1329 2995 loci
1348 2955 1442 2995 emen-

295 3017 443 3071 dationem.
462 3017 541 3088 [iure
561 3015 636 3071 enirn
656 3016 773 3072 offensus
792 3019 834 3072 est
852 3017 996 3074 Ernestius
1019 3016 1049 3070 in
1068 3033 1101 3072 eo
1125 3017 1202 3086 quod
1220 3035 1254 3073 ex
1272 3020 1442 3076 Britanniae

294 3113 363 3152 uoce
378 3100 477 3166 postea
491 3097 525 3151 ad
541 3098 663 3167 oppressi
675 3103 740 3152 snnt
755 3097 923 3152 eliciendum
943 3098 985 3153 est
998 3096 1155 3168 subiectum
1168 3100 1312 3156 Britanni.
1345 3100 1443 3172 itaque

275 3179 349 3256 ‘hoc
370 3174 464 3246 ipsum
487 3177 625 3230 Britanni
646 3176 695 3229 ille
718 3175 782 3231 uoci
804 3177 974 3232 Britanniae
998 3177 1156 3247 substituit,
1180 3180 1259 3235 nulla
1282 3199 1345 3238 cnm
1371 3181 1442 3237 diffi-

295 3255 400 3310 cultate
420 3256 456 3308 ad
474 3255 546 3322 nude
566 3249 624 3307 iam
643 3254 765 3324 positum
784 3272 864 3309 arena
881 3257 1041 3324 inferentem
1055 3273 1119 3311 cum
1133 3259 1333 3316 subaudiamus
1348 3264 1441 3318 mente

294 3336 421 3390 datiuum
446 3335 606 3404 (Britannis
628 3335 788 3404 praetulere
811 3333 978 3407 Bipontini).
1014 3337 1056 3391 ite
1074 3339 1169 3394 autem
1185 3325 1318 3396 'Ernestic
1338 3342 1443 3398 accessi

294 3415 327 3468 ut
350 3413 443 3483 potius
466 3414 604 3470 Britanni
627 3421 652 3470 11
675 3431 766 3470 111111
789 3415 916 3471 litoribus
939 3421 963 3472 et
984 3418 1081 3487 pellere
1109 3421 1229 3488 oppressi
1255 3427 1320 3476 sant
1343 3423 1442 3478 Tacito

294 3491 484 3562 restituerem,
504 3497 532 3548 et
551 3495 619 3550 duas
639 3513 749 3567 pugnae
768 3498 862 3566 partes
886 3497 969 3552 modo
989 3501 1221 3556 commemoratas
1243 3501 1396 3572 respiciens
1415 3504 1444 3558 et

294 3573 448 3628 faciliorem
469 3576 643 3645 corruptelae
662 3577 880 3646 explicationem
899 3578 944 3647 (cf.
965 3596 987 3635 1.
1003 3583 1019 3633 ὅ
1039 3580 1139 3635 loricae
1156 3597 1191 3634 ex
1209 3582 1296 3636 lorice
1313 3587 1350 3651 11,
1370 3589 1442 3638 131

294 3655 353 3708 irae
372 3671 406 3708 ex
424 3655 470 3709 ira
488 3659 512 3710 et
532 3658 642 3719 ortum).

366 3741 399 3790 22
415 3737 608 3812 pertraxisset,
627 3743 651 3792 et
669 3739 776 3806 puidam
793 3743 818 3793 11
833 3737 974 3794 0111111111
992 3740 1091 3808 ipsam.
1121 3743 1272 3809 postquam
1290 3742 1442 3797 Bhenanus

295 3816 425 3872 submoto
439 3822 464 3871 et
477 3814 569 3885 priore
585 3817 697 3886 scripsit
715 3815 785 3872 idern
799 3824 831 3887 et,
852 3818 1019 3890 Spengelius
1033 3819 1134 3874 maluit
1152 3836 1235 3890 aeqne
1248 3819 1320 3877 idem
1334 3827 1368 3890 et,
1386 3839 1443 3877 non

294 3898 372 3952 recta
390 3899 459 3966 puto
478 3896 627 3951 uerborum
652 3897 835 3952 collocatione
859 3900 941 3967 (iden
965 3917 1047 3970 aeque
1071 3898 1217 3970 desidero).
1255 3918 1312 3957 1111
1330 3903 1401 3958 idern
1418 3908 1443 3958 11

294 3975 354 4045 ipse
374 3974 515 4044 quondam
534 3977 641 4044 Aprum
663 3975 765 4031 dixisse
789 3979 931 4046 putabam.
971 3996 1045 4034 nune
1064 3978 1175 4034 Meiseri
1194 3982 1442 4052 transpositionem

294 4055 388 4123 recepi
406 4054 504 4123 utpote
524 4055 560 4108 ad
578 4054 747 4110 efferendam
765 4056 970 4126 oppositionem
989 4059 1165 4115 ualidiorem.

366 4139 399 4186 27
418 4151 484 4188 narn
503 4133 641 4190 Corninns
659 4136 691 4189 in
709 4137 826 4192 medinm
848 4156 931 4210 11111
950 4141 1072 4209 Anpnsti
1091 4141 1299 4212 principatum,
1324 4145 1443 4202 Asinius

293 4229 382 4283 perric
399 4216 437 4270 ari
455 4220 602 4270 entremrnn
621 4217 743 4274 dnrasnt.
772 4219 883 4274 tanturn
902 4221 983 4276 abest
1000 4221 1032 4274 ut
1045 4220 1166 4277 Messala
1183 4222 1319 4278 Coruinus
1339 4223 1443 4282 1111111
1469 4211 1474 4220 ’

296 4311 384 4363 usque
417 4296 453 4350 ad
485 4314 510 4351 a.
544 4302 576 4350 14
604 4313 629 4351 a.
659 4295 721 4352 Chr.
750 4316 776 4352 n.
806 4302 882 4368 (nam
911 4300 940 4354 in
970 4299 1044 4354 hunc
1074 4301 1151 4357 cadit
1181 4301 1289 4358 medius
1321 4307 1444 4376 Augusti

296 4374 492 4448 principatus),
519 4379 552 4431 ut
576 4374 650 4432 circa
673 4393 698 4432 a.
722 4383 738 4432 9
761 4398 787 4450 p.
814 4380 876 4436 Chr.
905 4377 943 4434 sit
968 4383 1105 4450 mortuum
1130 4382 1160 4437 id
1189 4384 1263 4452 quod
1291 4388 1442 4456 praeeunte

297 4455 430 4526 Borgesio
449 4456 535 4512 euicit
558 4455 745 4528 Nipperdeius
769 4458 874 4530 [opusc.
894 4481 921 4533 p.
941 4462 1086 4534 288sqq.].
1128 4463 1224 4533 paucis
1245 4465 1340 4521 autem
1359 4464 1441 4522 annis
