3270 5168
572 387 753 444 DIALOGVS
774 389 802 444 c.
823 395 945 444 21-24.
1290 391 1333 452 25

189 554 349 618 clausulas
373 575 436 618 uno
461 556 494 623 ct
517 553 628 617 eodem
651 552 747 618 modo
769 553 930 644 terminet.
973 555 1048 618 nolo
1072 553 1204 618 irridere
1228 551 1385 618 rotam23

187 661 350 726 Fortunae
375 663 407 724 et
429 661 479 724 ius
495 660 666 726 ¹uerrinum
690 664 722 724 et
745 660 826 724 illud
848 660 944 726 tertio
959 683 1085 745 quoque
1104 683 1199 726 sensu
1213 661 1247 725 in
1265 685 1332 727 om·
1405 663 1408 668 '

187 769 282 834 nibus
305 757 507 832 orationibus
529 789 588 851 pro
604 767 773 832 sententia·
781 768 924 851 positum
949 767 1030 832 ‘esse
1053 767 1222 833 uideatur'.
1258 791 1332 834 nam

88 951 92 956 .
188 880 221 963 et
238 877 320 940 haec
337 874 458 938 inuitus
477 874 571 939 retuli
586 877 619 939 et
632 875 726 958 plura
741 875 847 960 omisi,
872 896 953 959 quae
968 873 1076 940 tamen
1093 875 1162 941 sola
1176 876 1336 939 mirantur

161 986 287 1067 ⁵atque
310 981 494 1066 exprimunt
517 980 541 1045 ii
565 981 620 1065 qui
644 1003 678 1046 se
702 982 854 1066 antiquos
879 985 1023 1047 oratores
1043 983 1198 1048 uocitant
1234 984 1334 1047 nemi·
1370 1023 1373 1030 ι

188 1112 262 1154 nem
289 1088 478 1168 nominabo,
508 1109 609 1172 genus
637 1089 808 1154 hominum
836 1089 1036 1174 significasse
1064 1093 1247 1174 contentus3
1279 1090 1334 1155 sed

189 1196 283 1260 uobis
306 1196 416 1281 utique
438 1200 608 1261 uersentur
632 1199 708 1262 ante
733 1198 844 1262 oculos
868 1197 916 1261 illi
940 1197 995 1280 qui
1009 1195 1171 1261 Luc'lium
1194 1218 1254 1279 pro
1268 1195 1333 1262 Ho-

188 1302 272 1368 ratio
305 1305 338 1366 et
364 1302 549 1368 Lucretium
581 1325 640 1388 pro
669 1301 814 1388 Vergilio
845 1304 973 1388 legunt,
1006 1219 1122 1387 quidus
1150 1305 1335 1389 eloquentia

187 1408 298 1474 Aufidi
320 1410 418 1475 Bassi
445 1412 504 1474 ¹aut
522 1409 656 1502 ⁸Seruilii
679 1409 823 1475 Noniani
852 1432 891 1474 ex
914 1409 1156 1494 comparatione
1180 1409 1335 1476 Sisennae

148 1532 175 1571 1⁰
190 1521 247 1582 aut
268 1516 427 1595 Varronis
452 1517 574 1602 sordet,
602 1495 657 1602 ipui
688 1518 854 1582 rhetorum
871 1521 1062 1586 ,nostrorum
1086 1519 1335 1584 commentarios

187 1625 360 1689 fastidiunt
381 1631 411 1689 ct
433 1624 584 1709 oderunt,
606 1623 706 1710 Valgi
725 1624 893 1690 mirantur.
929 1646 1009 1708 quos
1024 1647 1113 1690 more
1126 1626 1233 1709 prisco
1248 1627 1333 1710 apud

188 1731 325 1796 iudicem
343 1729 529 1796 fabulantes
541 1753 614 1810 ¹non
629 1731 792 1796 auditores
808 1735 998 1816 sequuntur,
1021 1755 1087 1798 non
1100 1734 1240 1817 populus
1256 1733 1333 1818 adit,

188 1837 242 1902 uix
266 1837 402 1922 denique
425 1837 574 1923 litigator
595 1837 787 1922 perpetitur:
811 1838 891 1903 adeo
915 1839 1031 1903 maesti
1055 1843 1088 1905 et
1110 1839 1225 1904 inculti
1244 1840 1333 1905 illam

186 1946 292 2029 ipsam
315 1967 412 2030 quam
435 1945 558 2010 iactant
581 1945 754 2010 sanitatem
779 1967 845 2010 non
860 1945 1030 2030 firmitate,
1054 1946 1109 2011 sed
1124 1946 1244 2012 ieiunio
1259 1970 1334 2012 con·

147 2063 173 2104 1⁵
188 2057 372 2137 sequentur.
414 2075 510 2136 porro
537 2073 577 2121 ne
605 2052 797 2136 incorpore
826 2051 953 2136 quidem
982 2051 1196 2118 ualitudinem
1219 2054 1335 2118 medici

186 2160 341 2244 probant,
369 2179 451 2242 quae
472 2159 575 2223 nimia
599 2159 762 2223 anxietate
786 2159 962 2244 contingit:
991 2180 1106 2241 parurn
1130 2164 1180 2224 est
1203 2181 1335 2244 aegrum

187 2287 255 2330 nou
278 2288 362 2344 esse,
384 2267 502 2331 fortem
527 2268 559 2328 et
581 2265 704 2329 laetum
729 2267 761 2329 et
785 2266 923 2330 alacrem
942 2266 1032 2330 uolo:
1056 2287 1156 2350 prope
1178 2266 1271 2331 abest
1294 2268 1334 2331 ab

188 2371 392 2456 infirmitate,
415 2371 449 2435 in
474 2392 537 2454 quo
562 2370 632 2436 sola
655 2370 778 2435 sanitas
801 2370 961 2438 laudatur.
996 2395 1056 2438 uos
1079 2395 1170 2457 uero,
1195 2373 1332 2438 disertis-

189 2478 262 2542 simi
281 2479 358 2562 uiri,
381 2480 418 2542 ut
440 2477 592 2561 potestis,
615 2479 653 2541 ut
674 2477 796 2563 facitis,
818 2479 978 2546 illustrata
1002 2482 1165 2545 saeculum
1187 2483 1335 2545 nostrum

151 2605 177 2642 2⁰
190 2585 406 2669 pulcherrimo
425 2605 543 2670 genere
563 2583 698 2650 dicendi.
735 2607 811 2649 nam
825 2589 859 2651 et
872 2588 918 2669 te,
941 2585 1093 2671 Messala,
1116 2586 1210 2654 uideo
1225 2588 1334 2652 laetis-

187 2693 270 2756 sima
294 2713 439 2780 quaeque
463 2692 669 2776 antiquorum
693 2692 876 2757 imitantem
899 2696 932 2758 et
955 2716 1028 2779 uos,
1041 2693 1196 2760 'Materne
1220 2718 1257 2760 ac
1280 2694 1334 2760 Se-

187 2799 304 2883 cunde,
334 2799 381 2863 ita
411 2799 566 2884 grauitati
597 2820 749 2863 sensuum
777 2799 920 2863 nitorem
948 2803 982 2863 et
1011 2802 1134 2865 cultum
1161 2789 1335 2868 uerborum
1382 2839 1384 2842 ·

188 2907 344 2998 miscetis,
372 2928 409 2970 ea
437 2905 552 2970 electio
575 2905 790 2990 inuentionis,
818 2905 846 2968 is
871 2889 949 2970 ordo
973 2926 1097 2990 rerum,
1124 2929 1162 2972 ea
1185 2909 1334 2992 quotiens

188 3034 285 3078 causa
306 3014 414 3097 poscit
428 3012 572 3098 ubertas,
592 3035 630 3076 ea
645 3012 793 3097 quotiens
812 3012 1013 3096 permittitur
1026 3013 1180 3098 breuitas,
1203 3015 1231 3079 is
1250 3037 1334 3080 com-

150 3136 175 3176 25
189 3120 362 3204 positionis
386 3120 494 3204 decor,
517 3142 556 3184 ea
579 3119 813 3185 sententiarum
833 3119 975 3202 planitas
995 3123 1059 3205 e'st,
1083 3121 1129 3188 sic
1152 3123 1333 3206 exprimitis

188 3225 336 3310 allectus,
359 3227 405 3292 sic
428 3227 614 3291 libertatem
636 3226 841 3310 temperatis,
864 3230 914 3311 ut,
938 3226 1066 3292 etiamsi
1084 3233 1198 3294 nostra
1216 3230 1334 3296 iudicia

183 3332 376 3419 'malignitas
400 3337 433 3399 et
455 3334 577 3399 inriidia
599 3327 790 3419 tar'dauorit,
814 3357 926 3400 uerum
950 3334 988 3400 de
1012 3336 1106 3403 uobis
1129 3337 1245 3403 dicturi
1269 3339 1334 3404 sint

189 3442 312 3525 posteri
335 3439 459 3507 nostri'.

279 3547 366 3624 Quae
390 3569 463 3614 curn
486 3548 576 3633 Aper
600 3548 748 3634 dixisset,
772 3547 1015 3635 ‘agnoscitisne'
1039 3551 1146 3635 inquit
1167 3550 1387 3625 Maternus24

260 3749 294 3798 27
313 3741 448 3796 terminet
465 3743 593 3812 Dipsius:
614 3737 781 3797 determinet
800 3748 818 3795 0

259 3824 307 3880 23.
331 3831 347 3878 2
367 3823 549 3878 uetrinum'lt
565 3826 570 3892 1
585 3821 663 3876 istud
680 3827 704 3874 x
717 3825 758 3891 114
775 3821 881 3876 inuitus
901 3838 930 3881 s:
949 3821 1087 3877 inuitatus
1106 3829 1125 3876 0
1144 3825 1187 3891 115
1206 3822 1335 3886 uocitant

188 3905 389 3973 Schcttiopius:
409 3904 551 3958 uocabant
564 3908 583 3957 0
598 3903 701 3956 uocant
714 3903 829 3971 Lipsius
851 3905 861 3972 11
885 3910 899 3958 7
915 3901 959 3956 illi
973 3904 1117 3963 Halmius:
1137 3903 1185 3958 isti
1200 3910 1227 3972 0,
1246 3907 1335 3960 deleat

188 3985 367 4056 ς101101111
386 4000 415 4042 s:
434 3983 477 4038 tui
495 3983 615 4054 (celaui)
635 3981 717 4036 fidio
732 3986 741 4051 11
757 3990 788 4036 11
804 3984 833 4036 et
848 3985 959 4040 addidit
973 3997 989 4040 ς
1006 3988 1010 4051 1
1026 3982 1114 4054 Valgi
1128 3987 1239 4054 scripsi:
1260 3984 1334 4038 calui

188 4071 231 4137 011
251 4075 282 4122 12
302 4066 363 4121 adit
380 4065 492 4134 scripsi:
512 4063 592 4118 audit
610 4070 629 4117 0
648 4067 657 4132 11
679 4070 711 4117 13
730 4061 815 4116 istam
833 4066 928 4132 11114
946 4080 1003 4117 non
1021 4063 1155 4117 firmitate
1174 4065 1333 4122 Acidaliae:

187 4147 381 4201 infirmitatem
399 4149 427 4196 n
444 4142 691 4213 infirmitatemque
709 4150 733 4198 11
767 4147 772 4213 1
806 4146 1010 4211 consequentur
1028 4150 1055 4197 11
1078 4147 1284 4212 consequuntur
1302 4151 1334 4218 11,

188 4228 306 4281 correxit
323 4223 488 4280 Ratbcctius
502 4224 511 4294 11
531 4231 562 4279 16
581 4224 670 4278 nimia
684 4226 839 4280 Scluaisius:
860 4223 1004 4294 00110101
1020 4231 1153 4292 1710000
1167 4230 1202 4276 ll:
1222 4222 1334 4293 proprie

188 4308 238 4376 111
253 4312 286 4360 19
305 4305 360 4358 uiri
378 4306 488 4360 addidit
503 4304 720 4375 0000103120
735 4301 991 4372 1001100110ος1123
1006 4320 1040 4357 ea
1054 4302 1182 4371 quotiens
1201 4304 1334 4372 Wopken-

189 4389 261 4442 sius:
285 4389 314 4440 et
334 4384 463 4455 quotiens
482 4389 501 4437 0
520 4383 529 4455 11
552 4389 587 4437 21
603 4383 745 4452 permittit
764 4399 780 4442 ς
811 4385 821 4452 ΙΙ
852 4383 1062 4456 2510100110ος
1083 4382 1199 4456 (sanitas
1219 4384 1335 4455 Lipsius

189 4463 316 4535 grauitas
336 4465 535 4535 Seliultiuqius)
