3296 5168
439 415 729 472 somniarimus
748 415 913 472 osseisve
933 416 962 472 o.
982 371 1095 471 sir-sa.
1296 416 1337 478 81

188 579 339 649 repetebat
367 595 538 648 quamquam
567 576 759 634 deficientibus
782 577 878 649 figuris
906 576 1051 634 rhetoricis
1079 578 1123 648 (ci.
1151 578 1215 634 loco
1242 579 1352 634 nostro·

187 661 372 730 maliqnitas).
1340 691 1343 698 »

157 761 163 770 ·
264 745 299 792 32
318 741 410 810 siquos
428 741 498 796 alios
517 739 693 808 antiqaornm
712 739 819 808 aqitare
832 755 889 793 non
906 739 1015 794 destitit.
1044 739 1078 794 de
1093 739 1122 794 P.
1137 739 1232 794 Vossii
1246 756 1338 794 emen-

190 819 354 874 dationibus
378 838 396 875 a
417 837 462 874 me
485 819 514 873 in
537 821 645 874 textum
668 817 788 886 receptis
812 820 845 874 of.
870 818 1046 874 Andresenus
1069 819 1255 891 [p.152].-
1273 835 1339 873 mox

188 917 249 954 non
267 902 386 971 eaiqnnt
408 899 614 968 Boetticherus,
644 898 745 954 melius
767 899 901 954 Meiserus
923 899 980 955 non
1003 901 1088 972 ecciqit
1110 901 1275 968 defensorem
1297 916 1340 956 res

188 981 350 1036 uoluerunt.
400 982 431 1036 id
463 981 487 1035 si
517 982 611 1036 mente
642 997 699 1034 non
730 978 798 1034 licet
829 981 972 1051 supplere,
1009 979 1125 1036 fortasse
1157 982 1222 1051 post
1254 981 1340 1052 eniqit

190 1059 346 1116 intercidit.

264 1147 281 1195 4
300 1143 366 1196 adeo
384 1143 479 1197 melias
499 1147 537 1197 est
559 1143 692 1196 oratorem
710 1140 754 1192 net
776 1138 850 1194 hirta
868 1146 932 1211 toqa
955 1142 1068 1196 indnere
1086 1159 1169 1212 qnam
1190 1141 1294 1210 focatis
1316 1145 1340 1195 et
1358 1157 1382 1194 c.
1400 1141 1439 1196 26

191 1222 354 1276 meretriciis
372 1224 491 1277 nestitae
513 1222 657 1292 insiqmire.
699 1220 770 1273 haec
793 1224 891 1291 suapte
916 1240 944 1278 se
968 1222 1066 1293 sponte
1090 1222 1247 1292 coarguunt
1263 1221 1340 1277 falsi-

191 1301 271 1356 tatis.
301 1317 393 1370 neque
410 1303 506 1356 tamen
525 1301 683 1356 commenta
700 1298 803 1354 Ritteri
820 1301 923 1356 hirtam
940 1308 1030 1375 toqanr
1045 1333 1078 1343 -—
1092 1304 1226 1375 ineiqniri
1243 1303 1300 1372 (uel
1314 1317 1341 1355 se
1377 1313 1383 1324 ·

193 1383 341 1453 insiqnire)
370 1384 399 1436 et
424 1380 578 1436 Andreseni
606 1384 740 1435 oratorem
767 1377 796 1435 in
823 1385 973 1439 orationem
1004 1383 1140 1439 mutantis
1172 1383 1341 1454 respondent

194 1461 260 1518 arti.
293 1479 363 1518 ,nam
381 1462 542 1517 huiusmodi
560 1461 643 1529 locis,
667 1478 784 1529 quorum
803 1461 1030 1531 deprauationem
1051 1462 1080 1517 in
1100 1463 1259 1516 uniuersum
1279 1461 1340 1531 qui·

193 1543 260 1596 dem
272 1543 426 1611 sentimus,
450 1543 580 1597 accurata
603 1538 821 1608 inuestigatione
844 1541 1040 1612 inquirendum
1063 1544 1105 1597 est
1125 1561 1191 1596 num
1211 1560 1267 1612 qua
1284 1559 1341 1598 uox

193 1640 244 1692 per
264 1639 293 1677 se
312 1623 461 1692 suspitioni
479 1623 614 1692 praebeat
631 1636 743 1689 ansam,
762 1622 794 1675 ut
810 1620 965 1677 habeamus
980 1623 1054 1677 unde
1070 1622 1100 1677 in
1114 1621 1238 1677 sanando
1252 1621 1341 1692 possi·

194 1722 257 1757 mus
276 1701 422 1773 proficisci.
459 1702 505 1756 hic
525 1701 550 1755 si
567 1701 679 1771 singula
696 1701 784 1756 uerba
803 1701 904 1755 acriter
921 1703 1113 1772 perpenderis,
1132 1703 1251 1759 moleste
1270 1704 1341 1759 feres

194 1783 224 1836 id
244 1781 319 1850 quod
338 1786 381 1838 est
399 1784 450 1838 nei.
488 1779 552 1836 riam
571 1782 646 1835 hirta
664 1785 727 1850 toqa
746 1778 891 1848 antiquom
910 1781 1022 1836 dicendi
1040 1799 1128 1852 genus
1148 1782 1223 1837 omni
1242 1784 1342 1837 ornatu

194 1881 326 1932 uacuam,
344 1865 455 1931 fucatae
474 1869 499 1916 et
516 1862 682 1916 meretriciae
699 1867 785 1916 nestes
804 1876 900 1914 recens
913 1860 985 1916 illud
999 1863 1086 1918 nimio
1102 1865 1131 1918 et
1148 1880 1247 1934 parum
1265 1862 1342 1917 uirili
1361 1903 1366 1912 .

197 1945 274 1998 cultu
293 1943 471 2014 conspicuam
491 1942 652 2012 designant:
681 1940 748 2010 quid
768 1957 837 2008 opus
857 1944 917 1997 erat
938 1941 969 1996 in
987 1943 1041 1998 hac
1060 1943 1237 2014 oppositione
1256 1960 1341 1996 unum

164 2014 350 2079 'membrum
368 2023 476 2078 intendi
494 2021 607 2078 adiecta
628 2023 673 2076 nel
695 2026 782 2082 uoce?
814 2020 887 2074 hanc
908 2023 996 2092 igitur
1018 2024 1061 2079 ita
1082 2023 1190 2079 remoui
1212 2025 1245 2078 ut
1267 2022 1342 2092 quod

195 2105 385 2160 desideramus
404 2104 447 2170 ad
458 2103 597 2174 integram
617 2101 784 2157 sententiam
803 2099 868 2155 inde
887 2118 1020 2159 eruerem.

266 2190 299 2238 10
319 2185 411 2238 landis
430 2188 455 2237 et
472 2183 576 2254 qtorine
594 2187 619 2235 et
636 2182 743 2252 inqenii
762 2183 827 2236 ioco.
865 2181 1057 2252 intellegimus
1077 2183 1145 2252 quid
1164 2182 1202 2238 sit
1223 2182 1339 2238 ‘iactare

194 2263 286 2319 laudis
305 2267 335 2318 et
357 2262 463 2333 gloriae
487 2260 575 2331 loco’,
599 2262 655 2315 hoo
677 2262 719 2314 est
743 2260 899 2331 ‘tamquam
923 2263 960 2318 sit
982 2281 1026 2318 res
1050 2261 1173 2333 gloriosa
1192 2263 1341 2331 laudisque

127 2387 131 2393 .
193 2343 305 2414 plena’;
340 2335 391 2398 ‘sed
430 2342 545 2398 ‘iactare
578 2340 685 2411 ingenii
720 2340 796 2395 loco'
834 2360 906 2412 nego
939 2343 1088 2399 admittere
1105 2342 1224 2398 iustam
1255 2343 1341 2398 inter·

194 2423 390 2494 pretationem.
428 2422 496 2491 quid
519 2421 592 2476 enim
616 2421 670 2476 hoc
694 2419 749 2474 sibi
765 2421 840 2476 uelle
864 2421 986 2478 dicemus
1009 2423 1164 2492 ‘tamquam
1184 2422 1221 2477 eit
1239 2440 1283 2478 res
1300 2422 1342 2476 in·

182 2504 325 2573 ,geniosa,
346 2503 369 2557 si
388 2503 527 2557 saltantur
545 2502 749 2568 cantanturque
768 2503 964 2558 commentarii
982 2503 1056 2559 sui'?
1092 2505 1167 2574 quod
1189 2502 1341 2573 ingenium,

194 2586 219 2640 si
243 2581 377 2650 alicuius,
402 2586 443 2638 est
466 2601 562 2639 eorum
590 2582 639 2652 qui
667 2582 783 2636 cantant
806 2583 973 2652 saltantque.
1015 2583 1133 2639 mirifica
1155 2587 1250 2640 autem
1273 2586 1342 2652 arte,

174 2678 280 2734 ¹quam
300 2663 346 2717 hic
365 2663 397 2716 ut
415 2662 519 2732 ubique
539 2661 586 2716 uix
605 2666 647 2718 est
664 2661 739 2717 tanti
751 2663 881 2734 refutare,
900 2662 1015 2728 Peterus
1028 2666 1135 2735 inqenii
1148 2667 1205 2721 loco
1219 2666 1343 2736 explicat

199 2745 356 2812 ‘tamquam
379 2743 416 2796 sit
439 2742 631 2798 testimonium
653 2741 761 2812 ingenii
784 2742 847 2797 sui'.
888 2745 987 2812 postea
1009 2744 1097 2814 idem,
1123 2745 1177 2800 sibi
1195 2745 1255 2815 ipse
1273 2747 1342 2815 puto

194 2822 316 2890 diffisus,
336 2822 428 2876 landis
447 2827 472 2875 et
489 2823 594 2892 planiae
612 2827 637 2876 et
654 2822 760 2891 inqenii
778 2823 835 2877 ioco
854 2823 1004 2878 secundum
1022 2823 1051 2877 id
1071 2824 1146 2893 quod
1166 2840 1187 2878 c.
1205 2829 1218 2876 1
1238 2823 1343 2892 legitur
1445 2853 1448 2858 ·

194 2903 315 2973 inqeniis
341 2901 482 2971 qloriaqne
509 2919 559 2971 per
587 2901 705 2972 figuram
732 2919 816 2970 quam
842 2899 877 2956 ‘iv
900 2899 950 2957 διὰ
975 2905 1058 2958 dnoiv
1083 2905 1186 2958 uocant
1209 2900 1343 2972 explicari

194 2985 291 3054 putat,
311 2980 415 3036 oblitus
433 2980 566 3036 nimirum
585 2983 614 3036 in
633 2983 686 3037 hac
704 2981 794 3051 figura
814 2999 868 3036 non
886 2983 976 3038 tribus
999 3000 1058 3039 esse
1081 2985 1174 3039 locum
1198 2981 1342 3038 uocabulis

195 3063 344 3135 copulatis.
382 3063 431 3116 sed
449 3065 482 3117 ut
499 3063 614 3117 tandem
634 3063 706 3117 serio
726 3079 852 3131 agamus,
871 3061 1020 3134 delendum
1039 3080 1097 3118 esse
1118 3063 1147 3117 in
1166 3063 1343 3134 propatulost

195 3146 316 3199 alterum
343 3148 367 3197 et
389 3142 616 3214 dittographum,
639 3147 671 3199 ut
690 3142 793 3200 euadat
811 3159 920 3196 sensus:
948 3144 1094 3214 tamquam
1112 3143 1142 3197 id
1159 3143 1284 3215 ipsorum
1301 3142 1343 3196 in-

195 3225 279 3294 genio
302 3222 380 3278 laudi
406 3222 568 3293 gloriaeque
592 3226 673 3280 esset.
715 3222 835 3295 duplicis
858 3221 935 3278 enim
958 3223 1082 3294 genetiui
1103 3225 1261 3294 exemplum
1279 3222 1343 3292 plus
1431 3264 1433 3268 .

196 3321 281 3374 quam
301 3322 387 3358 unum
405 3303 451 3357 hic
469 3303 581 3358 libellus
600 3305 725 3374 praebet.

272 3390 305 3438 12
324 3385 370 3438 sed
389 3389 478 3438 tamen
501 3385 627 3454 frequens
649 3383 721 3439 sicat
741 3385 784 3438 teis
806 3387 932 3440 clansnla
953 3391 978 3440 et
996 3386 1156 3441 exclamatio
1175 3343 1206 3440 nt
1224 3389 1344 3440 oratores

196 3466 329 3520 nostri.
345 3465 504 3519 ‚dicentum
542 3463 610 3531 quid
633 3464 729 3518 ualeat
751 3464 862 3518 firmum
885 3467 1062 3534 solidumque
1084 3465 1322 3520 fundamentum'
1314 3483 1344 3520 ιιι

198 3543 342 3598 codicibus
361 3547 437 3598 recte
462 3543 617 3598 aestimatis
636 3544 766 3612 positum,
790 3541 836 3596 hic
858 3545 935 3599 locus
956 3543 1080 3599 dilucide
1099 3546 1280 3602 demonstrat.
1317 3551 1345 3598 Μ
1453 3557 1460 3570 ·

197 3624 271 3678 enim
295 3623 367 3678 sient
389 3623 432 3678 tis
455 3623 594 3690 clansnla,
619 3624 716 3676 contra
738 3628 763 3675 Ν
786 3623 872 3677 habet
893 3625 965 3678 sicin
991 3625 1034 3679 tis
1061 3626 1139 3680 olam.
1184 3627 1285 3694 quibus
1311 3642 1344 3680 ex

198 3703 367 3758 lectionibus
385 3704 449 3756 utra
467 3704 588 3772 genuina
607 3703 754 3770 archetypi
777 3701 914 3771 scriptura
937 3705 975 3759 sit
992 3704 1122 3760 habenda
1145 3706 1168 3759 si
1192 3706 1344 3760 secundum

200 3783 268 3840 artis
292 3783 405 3852 regulas
429 3784 619 3852 exploramus,
642 3799 698 3836 una
722 3783 764 3836 est
785 3783 929 3852 responsio
952 3785 1035 3853 haec,
1058 3800 1092 3838 ex
1115 3785 1241 3840 clansnlo
1268 3802 1344 3840 com-

199 3863 332 3932 pendiose
351 3864 396 3917 cta
419 3863 522 3934 scripto
548 3864 590 3932 (ut
612 3877 711 3916 reuera
733 3861 829 3916 scribit
851 3862 889 3933 ii)
913 3864 1047 3918 facillime
1071 3863 1115 3921 cli
1132 3865 1190 3918 siue
1209 3866 1279 3920 elam
1297 3865 1344 3934 (cf.

200 3959 223 3996 c.
242 3947 276 3997 28
296 3942 418 4012 cellula),
441 3942 489 3997 uix
511 3946 540 3998 et
562 3960 597 3997 ne
621 3941 669 3995 uix
692 3941 804 4010 quidem
829 3959 862 3998 ex
886 3945 956 4000 ciam
980 3945 1046 4000 oriri
1068 3945 1193 4015 potuisse
1219 3945 1345 4000 clansnla

202 4024 301 4092 (multo
325 4022 416 4076 minus
441 4023 475 4077 de
498 4024 634 4078 Italorum
657 4021 817 4077 coniectura
838 4024 885 4080 hic
911 4026 1050 4080 somniare
1068 4026 1153 4095 licet).
1195 4026 1261 4080 hinc
1279 4040 1344 4080 con·

201 4104 284 4158 ruunt
310 4118 405 4157 eorum
431 4104 479 4173 qui
504 4121 522 4158 a
546 4101 656 4158 familia
678 4107 702 4154 lt
725 4103 863 4159 steterunt
886 4106 1046 4176 conamina,
1073 4107 1163 4161 ueluti
1186 4123 1258 4176 quae
1281 4123 1344 4176 pro·

200 4184 327 4238 tulerunt
344 4183 375 4237 L.
394 4183 545 4238 Muellerus
563 4185 689 4252 frequens
712 4186 819 4239 coemto
842 4187 1016 4253 exclamatio,
1039 4185 1210 4240 Ribbeckius
1232 4188 1268 4255 fr.
1288 4203 1344 4240 sae·

201 4265 257 4318 eali
274 4263 357 4317 naias
376 4265 451 4330 enat„
470 4263 605 4318 Meiserus
623 4263 659 4330 fr.
679 4263 719 4316 sic
736 4268 768 4317 nt
785 4266 848 4334 ipsa
867 4266 962 4320 clamet
984 4268 1061 4334 enei,
1083 4265 1227 4321 Vahlenus
1250 4269 1286 4334 fr.
1306 4268 1346 4321 sic

200 4349 232 4398 nt
249 4345 343 4414 quinis
362 4345 457 4399 clamet
475 4346 541 4399 enat.
560 4344 698 4412 (quemuis
722 4343 793 4398 illud
816 4345 982 4416 clamasset).
1023 4349 1093 4401 haec
1116 4346 1273 4416 similiaque
1297 4364 1345 4400 cur

200 4441 250 4494 per
266 4441 294 4479 se
310 4425 479 4495 displiceant
492 4442 548 4481 non
561 4439 706 4493 exponam,
726 4441 789 4479 oum
808 4425 981 4480 subtractum
997 4427 1035 4481 sit
1051 4425 1109 4480 illis
1122 4427 1345 4482 fundamentum

201 4508 354 4562 astantem
370 4506 536 4564 exclamatio
550 4504 659 4562 scilicet
672 4505 751 4562 audit
738 4508 843 4574 torum3
861 4506 891 4560 id
906 4507 982 4576 quod
994 4505 1036 4561 ita
1050 4508 1127 4562 extra
1142 4506 1346 4562 dubitationem

254 4605 342 4647 'samm
355 4606 489 4648 Dianoeas.
1117 4604 1133 4656 6
