3270 5168
335 357 378 472 tt
664 403 957 462 COMMENTARIVS
976 401 1149 461 carrlcvs.

334 567 477 639 propriae:
502 585 525 624 5,
546 574 574 638 i,
593 573 610 622 4
631 573 778 638 praeirem
803 573 903 636 15,14
926 567 1037 622 abiisset
1061 565 1158 634 (habet
1179 564 1275 620 enim
1298 570 1331 618 A
1353 563 1465 631 absit),
1493 566 1534 628 17,

335 655 351 702 5
371 649 541 716 adscribitur,
562 652 604 717 18,
623 653 657 702 32
676 645 905 717 interropoe3'22,
925 650 958 700 28
976 645 1144 722 sapirtpte,
1163 649 1203 700 24
1228 646 1399 710 deuectum
1422 648 1477 711 35,
1497 648 1532 696 26

331 734 533 799 persequantur
552 731 589 797 (A
607 729 693 782 habet
708 729 836 797 proerq.);
855 732 899 795 40,
913 731 930 779 4
943 726 1010 793 aila3
1029 731 1121 794 40,1o
1140 727 1330 794 accepimue.
1367 737 1530 778 commune

335 809 422 878 igitur
440 809 582 878 exemplar
600 807 643 862 his
662 805 828 862 lectionibus
847 806 956 876 insigne
975 805 1092 860 auariis
1106 805 1297 860 lectionibus
1320 821 1363 860 ex
1379 809 1408 856 11
1422 800 1527 872 petitis

334 889 426 944 adhuc
440 889 558 945 liberum
574 888 635 942 erat
647 890 708 943 tum
718 904 781 942 cum
792 885 816 940 0
827 886 892 941 inde
906 887 1087 956 neglegenter
1101 886 1355 950 describebatur;
1374 885 1431 938 aed
1448 882 1527 936 idem

333 970 418 1039 paulo
437 972 503 1040 5551
521 987 583 1025 eam
603 984 687 1038 quam
707 965 765 1022 dixi
783 966 970 1022 conlationem
994 966 1148 1036 (adhibitus
1172 967 1219 1020 551
1241 966 1361 1022 autem
1384 963 1468 1020 liber
1486 962 1524 1030 A)
1621 1017 1623 1042 ἡ

336 1067 450 1121 passum
469 1051 588 1105 alteram
604 1047 696 1104 edidit
713 1045 821 1118 prolem
839 1045 941 1100 librum
959 1047 990 1099 D
1008 1045 1244 1102 contaminatum.
1622 1058 1623 1070 ¹

406 1129 522 1184 Addam
543 1129 589 1184 hic
611 1142 700 1198 pauca
728 1125 762 1180 de
785 1125 815 1178 E
837 1123 896 1180 siue
920 1126 1107 1184 Ottoboniano
1127 1127 1262 1182 omnium
1289 1121 1460 1181 liberrime
1479 1123 1521 1177 in-

334 1211 452 1265 mutato.
490 1208 568 1263 cuius
591 1224 626 1262 55
648 1209 691 1262 551
715 1205 841 1260 condicio
864 1207 896 1260 ut
919 1210 948 1262 51
971 1208 1031 1277 1555
1054 1224 1137 1277 saepe
1161 1207 1306 1279 15555515
1337 1205 1477 1262 Familiae
1495 1207 1519 1256 11

335 1288 431 1344 codice
451 1288 572 1356 quodam
592 1287 642 1356 (A,
662 1288 694 1340 ut
713 1285 824 1340 credere
844 1285 920 1357 licet)
940 1306 957 1343 5
976 1305 1026 1344 sua
1044 1287 1153 1344 familia
1173 1286 1359 1355 desciuerit,
1386 1283 1516 1356 propriis

333 1371 480 1440 praeterea
498 1369 607 1424 5551551
607 1368 664 1422 5115
681 1367 859 1438 indulgens(
861 1368 895 1424 oi.
914 1369 1042 1425 Michael.
1057 1370 1115 1424 not.
1133 1370 1176 1438 11)
1194 1383 1362 1436 nouasque
1384 1365 1515 1420 inferens

334 1449 514 1518 conuptelas.
520 1448 546 1517 *t
582 1450 706 1504 ceterum
725 1447 805 1503 115111
824 1448 991 1518 51155511.

405 1530 490 1584 Falsa
513 1529 607 1583 autem
630 1529 665 1584 de
684 1527 714 1581 D
737 1528 876 1584 sententia
899 1531 1038 1619 55155515
1056 1526 1261 1620 prohibebatur
1289 1487 1511 1588 Michaelisius,

335 1609 485 1702 quominus
508 1609 543 1663 de
565 1609 637 1664 libro
662 1613 688 1662 A
706 1611 782 1664 recte
804 1609 949 1664 iudicaret.
986 1608 1010 1662 15
1029 1608 1116 1677 55115,
1137 1624 1319 1677 quamquam
1342 1609 1408 1662 51115
1429 1603 1508 1660 uitiis

335 1689 450 1744 minime
479 1704 589 1756 551555,
617 1706 651 1744 55
678 1691 774 1744 tamen
797 1690 907 1744 ceterae
935 1686 1058 1742 familiae
1081 1692 1108 1739 11
1132 1687 1223 1742 suboli
1251 1689 1401 1756 51555151
1430 1681 1507 1754 quod

335 1784 487 1839 numquam
511 1785 545 1823 ex
563 1774 586 1820 11
609 1771 652 1823 551
671 1767 823 1836 portentui,
847 1785 1001 1837 numquam
1023 1783 1057 1821 ex
1078 1764 1170 1821 studio
1189 1766 1377 1822 emendandi
1399 1766 1447 1820 551
1464 1762 1505 1816 in·

335 1852 469 1904 mutatus.
506 1863 570 1902 nam
594 1865 665 1916 quae
688 1848 748 1903 5515
769 1848 828 1903 1515
848 1847 1006 1902 restantex
1026 1844 1198 1915 5151551155
1214 1843 1410 1902 Michaelieio
1432 1843 1501 1914 [not.

240 1973 244 1980 .
337 1929 382 1998 19]
400 1925 531 1997 51515115,
551 1925 660 1982 55111551
678 1942 701 1982 c.
721 1932 765 1994 16,
786 1933 799 1982 1
819 1927 920 1996 optimo
939 1927 968 1980 et
986 1942 1068 1995 55115
1086 1942 1110 1979 5.
1129 1929 1154 1992 8,
1173 1931 1189 1980 1
1209 1927 1333 1996 apricam,
1355 1917 1502 1981 eiusmodi

338 2009 405 2062 5551
426 2008 458 2062 ut
481 2006 540 2060 1515
565 2006 704 2076 ambigas,
728 2023 829 2061 555555
853 2022 890 2060 an
912 2005 1058 2060 uoluntate
1076 2021 1111 2060 55
1133 2004 1293 2061 restituerit
1320 2004 1430 2058 scriba
1469 2001 1498 2053 et
1605 1996 1606 2013 ¹

339 2088 414 2157 quod
432 2087 518 2141 habet
536 2103 559 2140 5.
578 2091 621 2156 23,
641 2091 657 2138 9
676 2085 723 2140 cui
741 2086 842 2154 aufidi:
869 2085 1043 2140 demonstret
1059 2085 1090 2138 E
1107 2084 1241 2156 exhibens
1259 2087 1367 2155 aufidi,
1389 2083 1450 2138 iam
1468 2081 1497 2134 15

335 2169 397 2238 1555
416 2172 443 2219 1
466 2166 552 2222 fuisse
575 2184 613 2222 aa
636 2166 771 2236 scriptum
794 2181 879 2235 55515
900 2164 1037 2220 traditum
1055 2165 1101 2220 cui
1117 2166 1181 2234 fidi,
1205 2165 1280 2233 quod
1301 2165 1422 2236 spreuit
1440 2165 1495 2216 ter-

335 2249 405 2304 tium
424 2249 617 2318 apographum
636 2246 770 2316 (=c1)).
813 2247 966 2314 eademque
990 2246 1034 2300 est
1055 2245 1128 2300 ratio
1148 2261 1171 2303 5.
1192 2250 1240 2314 38,
1259 2251 1276 2299 4
1297 2244 1494 2315 paraestinae

330 2344 475 2398 perorare,
495 2325 545 2381 ubi
562 2327 620 2381 iam
639 2325 668 2379 in
681 2330 708 2377 1
723 2326 851 2380 additum
869 2327 930 2380 5151
947 2341 968 2380 e.
988 2326 1032 2393 (ε
1046 2325 1158 2394 scilicet)
1177 2325 1267 2392 borae,
1287 2325 1368 2379 unde
1383 2337 1493 2377 assum-

335 2408 392 2477 psit
409 2407 545 2462 librorum
565 2406 622 2462 01)
639 2423 740 2476 551555
759 2405 895 2475 (seruauit
913 2405 943 2475 0,
961 2405 1104 2460 recusauit
1121 2405 1174 2473 D),
1198 2409 1224 2458 A
1241 2405 1327 2459 borae
1346 2405 1378 2458 in
1397 2403 1489 2471 ipsum

335 2487 442 2554 recepit
459 2487 576 2539 textum.
615 2485 773 2538 uniuersam
793 2487 888 2540 autem
906 2481 972 2538 libri
991 2491 1017 2539 A
1039 2484 1162 2540 indolem
1183 2482 1348 2538 aestimanti
1368 2478 1490 2554 apparet

335 2567 454 2620 eundem
480 2581 542 2618 eum
566 2565 659 2619 locum
682 2564 712 2617 in
737 2563 896 2619 1115511115
920 2563 1046 2634 optinere
1069 2567 1155 2633 atque
1174 2564 1202 2618 A
1220 2563 1250 2618 in
1267 2568 1305 2632 13
1332 2562 1489 2630 euaditque

334 2645 392 2699 iam
411 2647 531 2700 stemma
548 2645 619 2700 tale:

628 2789 883 2867 As
894 2745 1191 2886 ΤΧΕ

870 2902 947 3026 (ab)

336 3083 409 3145 unde
427 3081 615 3151 intellegitur,
635 3097 694 3135 5555
712 3081 762 3136 ubi
780 3087 807 3134 11
825 3080 990 3135 restituatur
1008 3097 1042 3134 51
1056 3065 1219 3149 ΔοΕ’(551
1235 3085 1260 3133 A
1266 3079 1313 3150 0),
1332 3080 1383 3136 ubi
1402 3078 1432 3133 D
1449 3091 1482 3131 51

336 3170 359 3216 a
378 3163 421 3217 551
440 3166 580 3217 551155155
598 3162 698 3229 (rarius
716 3161 746 3214 D
764 3163 794 3215 et
811 3161 842 3214 E
858 3160 964 3228 simul),
984 3159 1034 3212 aut
1052 3175 1086 3211 51
1105 3165 1130 3213 A
1136 3159 1201 3212 DE
1218 3161 1275 3229 (uel
1293 3160 1373 3230 AD),
1393 3157 1443 3214 ubi
1461 3153 1484 3209 0

338 3241 458 3311 propriis
485 3241 596 3296 laborat
623 3241 788 3312 corruptelis
815 3237 1023 3310 (praeterea'E
1044 3254 1078 3291 51
1101 3244 1125 3291 li
1148 3240 1193 3294 est
1209 3240 1399 3312 ,inmutatusk
1423 3252 1479 3292 esse

339 3320 460 3389 denique
482 3321 531 3375 ubi
554 3321 615 3375 ΔΕ
637 3323 734 3375 555115
755 3321 870 3374 15111515
893 3319 1086 3389 apographum
1110 3318 1187 3388 (01))
1211 3337 1307 3375 ueram
1331 3321 1479 3376 lectionem

338 3399 520 3455 seruauerint.
558 3400 686 3471 exemplo
709 3417 768 3455 rem
791 3415 937 3470 exponam.
974 3415 998 3454 5.
1017 3402 1099 3467 29,8
1123 3399 1229 3455 habent
1246 3401 1286 3454 A:
1310 3393 1480 3470 improbitati

239 3481 244 3496 ¹
339 3479 368 3546 (t
390 3495 440 3536 me
459 3496 543 3550 snpra
561 3481 621 3550 im),
643 3481 684 3534 Bi
702 3496 752 3536 mc
760 3480 910 3552 probitati,
930 3477 964 3532 O:
982 3495 1032 3534 rrae
1044 3483 1126 3545 ΞΞ
1131 3479 1268 3548 probitati
1286 3476 1477 3548 (5155551115),

339 3560 383 3614 D:
401 3576 451 3615 aec
468 3561 652 3631 improbitati,
675 3560 747 3616 AE:
771 3559 948 3629 improbitati.
990 3559 1086 3628 itaque
1109 3564 1138 3612 11
1159 3562 1204 3629 (=
1220 3560 1290 3630 ΔΕ)
1312 3561 1413 3616 habuit
1429 3559 1477 3612 im-

334 3641 485 3710 probitati,
509 3641 584 3710 quod
608 3641 638 3695 in
663 3657 684 3697 5
709 3641 865 3694 5511551551
890 3641 933 3694 551
957 3640 1145 3711 suprascripto
1174 3657 1223 3695 mc
1254 3640 1339 3710 (unde
1363 3643 1476 3706 utraque

337 3719 422 3776 lectio
450 3719 479 3775 15
503 3721 560 3776 01)
586 3723 698 3776 seruata
720 3723 786 3790 est);
815 3719 901 3774 etiam
925 3721 955 3775 in
971 3726 996 3773 11
1022 3721 1194 3790 improbitati
1215 3719 1363 3790 legebatur
1386 3720 1427 3774 ita
1447 3715 1477 3770 ut

337 3817 386 3855 555
407 3818 459 3871 515
477 3803 636 3856 correctura
657 3801 817 3871 adpositum
836 3803 957 3856 extaret:
985 3799 1108 3857 seruauit
1130 3802 1279 3869 utrumque
1297 3799 1425 3870 religiose
1441 3796 1474 3860 A,

338 3880 470 3936 audacius
489 3880 517 3933 B
535 3880 564 3935 in
582 3883 690 3936 1511551
710 3882 897 3935 correcturum
915 3881 1029 3951 recepit.
1066 3881 1145 3936 uides
1164 3897 1220 3950 quo
1239 3880 1298 3936 1515
1318 3879 1432 3935 dixerim
1449 3876 1475 3930 in

338 3962 489 4030 apparatu,
523 3961 694 4031 improbitati
721 3959 806 4016 tuisse
834 3961 980 4032 archetypi
1008 3965 1027 4012 0
1058 3957 1237 4030 scripturam,
1269 3977 1318 4016 aec
1344 3956 1476 4030 probitati

337 4039 472 4095 Italorum
491 4041 741 4110 555155151515(ς).
769 4057 824 4110 quo
843 4040 926 4096 modo
945 4041 969 4096 si
988 4039 1091 4108 ubique
1111 4057 1196 4111 quam
1214 4042 1349 4098 acerrime
1367 4035 1475 4094 inuesti-

408 4227 433 4298 *)
452 4229 481 4283 et
497 4227 528 4284 D
542 4232 572 4285 51
584 4227 616 4284 Ε
627 4246 691 4283 cum
710 4245 744 4284 ex
757 4229 784 4283 A
798 4228 888 4283 multa
906 4226 1110 4296 adsumpserint
1128 4245 1179 4298 pro
1193 4245 1242 4283 suo
1257 4228 1373 4298 quisque
1387 4227 1474 4296 captu,

338 4311 455 4379 apparet
472 4326 521 4363 our
539 4307 680 4364 interdum
698 4311 816 4378 uterque
839 4325 902 4364 enm
920 4309 948 4364 A
967 4309 1111 4375 congruat.
1144 4309 1233 4363 ueluti
1247 4325 1270 4362 5.
1286 4313 1311 4378 5,
1326 4314 1360 4363 39
1374 4305 1475 4378 partim

337 4390 439 4444 uitiosa
457 4389 485 4443 A
503 4389 665 4461 scripserat:
684 4391 850 4460 receperunt
867 4387 938 4442 DE.
971 4387 1017 4443 hic
1035 4387 1100 4443 libri
1114 4388 1142 4443 B
1160 4407 1223 4444 cum
1238 4388 1338 4444 ceteris
1356 4386 1475 4443 familiae

338 4469 501 4524 litantibus
520 4487 669 4526 consensus
689 4469 757 4538 quid
775 4469 906 4525 habuerit
923 4475 942 4522 0
960 4467 1102 4538 patefacit.
