<?xml version="1.0" encoding="UTF-8"?>
<!DOCTYPE html PUBLIC "-//W3C//DTD XHTML 1.0 Transitional//EN"
    "http://www.w3.org/TR/xhtml1/DTD/xhtml1-transitional.dtd">
<html xmlns="http://www.w3.org/1999/xhtml" xml:lang="en" lang="en">
 <head>
  <title>
</title>
<meta http-equiv="Content-Type" content="text/html;charset=utf-8" />
  <meta name='ocr-system' content='tesseract 3.04.00' />
  <meta name='ocr-capabilities' content='ocr_page ocr_carea ocr_par ocr_line ocrx_word'/>
</head>
<body>
  <div class='ocr_page' id='page_1' title='image "./corneliitacitid03tacigoog_0105.png"; bbox 0 0 3282 5168; ppageno 0'>
   <div class='ocr_carea' id='block_1_1' title="bbox 306 410 1171 502">
    <p class='ocr_par' dir='ltr' id='par_1_1' title="bbox 306 410 1171 502">
     <span class='ocr_line' id='line_1_1' title="bbox 306 410 1171 502; baseline 0.002 -34"><span class='ocrx_word' id='word_1_1' title='bbox 306 413 371 478; x_wconf 85' lang='lat'>100</span> <span class='ocrx_word' id='word_1_2' title='bbox 633 410 926 468; x_wconf 78' lang='lat' dir='ltr'><strong>COMMENTARIVS</strong></span> <span class='ocrx_word' id='word_1_3' title='bbox 946 411 1121 472; x_wconf 74' lang='lat' dir='ltr'>carumve.</span> <span class='ocrx_word' id='word_1_4' title='bbox 1169 497 1171 502; x_wconf 15' lang='lat' dir='ltr'>y</span> 
     </span>
    </p>
   </div>
   <div class='ocr_carea' id='block_1_2' title="bbox 304 573 1458 1690">
    <p class='ocr_par' dir='ltr' id='par_1_2' title="bbox 304 573 1458 1690">
     <span class='ocr_line' id='line_1_2' title="bbox 305 573 1452 644; baseline 0 -16"><span class='ocrx_word' id='word_1_5' title='bbox 305 575 381 628; x_wconf 81' lang='lat' dir='ltr'>sucht</span> <span class='ocrx_word' id='word_1_6' title='bbox 404 575 463 628; x_wconf 68' lang='lat' dir='ltr'>used</span> <span class='ocrx_word' id='word_1_7' title='bbox 485 573 582 640; x_wconf 67' lang='lat' dir='ltr'>dedet,</span> <span class='ocrx_word' id='word_1_8' title='bbox 610 573 666 640; x_wconf 75' lang='lat' dir='ltr'>auf</span> <span class='ocrx_word' id='word_1_9' title='bbox 686 575 738 628; x_wconf 82' lang='lat' dir='ltr'>deo</span> <span class='ocrx_word' id='word_1_10' title='bbox 762 573 998 630; x_wconf 74' lang='lat' dir='ltr'>celruutorucheu</span> <span class='ocrx_word' id='word_1_11' title='bbox 1024 575 1203 644; x_wconf 79' lang='lat' dir='ltr'>Staodpussht</span> <span class='ocrx_word' id='word_1_12' title='bbox 1227 574 1288 628; x_wconf 83' lang='lat' dir='ltr'>tritt</span> <span class='ocrx_word' id='word_1_13' title='bbox 1312 575 1381 638; x_wconf 74' lang='lat' dir='ltr'>used</span> <span class='ocrx_word' id='word_1_14' title='bbox 1398 575 1452 628; x_wconf 80' lang='lat' dir='ltr'>dea</span> 
     </span>
     <span class='ocr_line' id='line_1_3' title="bbox 306 653 1453 724; baseline 0.002 -18"><span class='ocrx_word' id='word_1_15' title='bbox 306 653 453 722; x_wconf 80' lang='lat' dir='ltr'>Zsoiespult</span> <span class='ocrx_word' id='word_1_16' title='bbox 471 653 641 706; x_wconf 72' lang='lat' dir='ltr'>ommitteled</span> <span class='ocrx_word' id='word_1_17' title='bbox 659 655 718 707; x_wconf 81' lang='lat' dir='ltr'>wad</span> <span class='ocrx_word' id='word_1_18' title='bbox 731 654 898 709; x_wconf 80' lang='lat' dir='ltr'>oersdhnead</span> <span class='ocrx_word' id='word_1_19' title='bbox 916 656 996 724; x_wconf 80' lang='lat' dir='ltr'>aeipt,</span> <span class='ocrx_word' id='word_1_20' title='bbox 1016 657 1066 710; x_wconf 80' lang='lat' dir='ltr'>wie</span> <span class='ocrx_word' id='word_1_21' title='bbox 1084 657 1132 710; x_wconf 83' lang='lat' dir='ltr'>der</span> <span class='ocrx_word' id='word_1_22' title='bbox 1155 655 1260 723; x_wconf 80' lang='lat' dir='ltr'>Verfoll</span> <span class='ocrx_word' id='word_1_23' title='bbox 1278 654 1325 708; x_wconf 84' lang='lat' dir='ltr'>der</span> <span class='ocrx_word' id='word_1_24' title='bbox 1339 653 1453 708; x_wconf 78' lang='lat' dir='ltr'>Beredt·</span> 
     </span>
     <span class='ocr_line' id='line_1_4' title="bbox 305 734 1452 803; baseline 0.002 -16"><span class='ocrx_word' id='word_1_25' title='bbox 305 734 418 787; x_wconf 80' lang='lat' dir='ltr'>sumkeit</span> <span class='ocrx_word' id='word_1_26' title='bbox 443 734 485 788; x_wconf 82' lang='lat' dir='ltr'>uls</span> <span class='ocrx_word' id='word_1_27' title='bbox 513 735 557 788; x_wconf 79' lang='lat' dir='ltr'>eia</span> <span class='ocrx_word' id='word_1_28' title='bbox 579 735 778 803; x_wconf 78' lang='lat' dir='ltr'>nothusodipes</span> <span class='ocrx_word' id='word_1_29' title='bbox 806 735 885 788; x_wconf 83' lang='lat' dir='ltr'>Uebel</span> <span class='ocrx_word' id='word_1_30' title='bbox 909 751 960 788; x_wconf 81' lang='lat' dir='ltr'>aas</span> <span class='ocrx_word' id='word_1_31' title='bbox 983 737 1041 788; x_wconf 84' lang='lat' dir='ltr'>dem</span> <span class='ocrx_word' id='word_1_32' title='bbox 1064 736 1280 790; x_wconf 79' lang='lat' dir='ltr'>uuscbdtrbarea</span> <span class='ocrx_word' id='word_1_33' title='bbox 1301 734 1358 788; x_wconf 77' lang='lat' dir='ltr'>Get</span> <span class='ocrx_word' id='word_1_34' title='bbox 1381 735 1452 789; x_wconf 75' lang='lat' dir='ltr'>eines</span> 
     </span>
     <span class='ocr_line' id='line_1_5' title="bbox 304 813 1452 883; baseline 0 -15"><span class='ocrx_word' id='word_1_35' title='bbox 304 816 390 881; x_wconf 82' lang='lat' dir='ltr'>festea</span> <span class='ocrx_word' id='word_1_36' title='bbox 409 815 523 866; x_wconf 79' lang='lat' dir='ltr'>iaoerca</span> <span class='ocrx_word' id='word_1_37' title='bbox 542 813 676 869; x_wconf 80' lang='lat' dir='ltr'>Friedens</span> <span class='ocrx_word' id='word_1_38' title='bbox 695 817 794 882; x_wconf 72' lang='grc'><strong>555555,-</strong></span> <span class='ocrx_word' id='word_1_39' title='bbox 812 815 844 868; x_wconf 81' lang='lat' dir='ltr'>in</span> <span class='ocrx_word' id='word_1_40' title='bbox 862 815 1009 869; x_wconf 82' lang='lat' dir='ltr'>demselbea</span> <span class='ocrx_word' id='word_1_41' title='bbox 1028 815 1126 883; x_wconf 78' lang='lat' dir='ltr'>Since,</span> <span class='ocrx_word' id='word_1_42' title='bbox 1146 817 1177 870; x_wconf 78' lang='lat' dir='ltr'>s&#39;ss</span> <span class='ocrx_word' id='word_1_43' title='bbox 1195 816 1317 870; x_wconf 77' lang='grc'><strong>5555515555</strong></span> <span class='ocrx_word' id='word_1_44' title='bbox 1339 815 1452 868; x_wconf 83' lang='lat' dir='ltr'>Tacitus</span> 
     </span>
     <span class='ocr_line' id='line_1_6' title="bbox 305 895 1454 965; baseline 0.001 -17"><span class='ocrx_word' id='word_1_45' title='bbox 305 895 397 960; x_wconf 79' lang='lat' dir='ltr'>solbet,</span> <span class='ocrx_word' id='word_1_46' title='bbox 426 895 567 948; x_wconf 68' lang='lat' dir='ltr'>desuadeas</span> <span class='ocrx_word' id='word_1_47' title='bbox 588 897 620 950; x_wconf 78' lang='lat' dir='ltr'>ia</span> <span class='ocrx_word' id='word_1_48' title='bbox 644 896 695 948; x_wconf 83' lang='lat' dir='ltr'>deu</span> <span class='ocrx_word' id='word_1_49' title='bbox 718 895 862 961; x_wconf 73' lang='lat' dir='ltr'>Annales,</span> <span class='ocrx_word' id='word_1_50' title='bbox 890 896 934 950; x_wconf 83' lang='lat' dir='ltr'>die</span> <span class='ocrx_word' id='word_1_51' title='bbox 956 895 1048 965; x_wconf 80' lang='lat' dir='ltr'>Klope</span> <span class='ocrx_word' id='word_1_52' title='bbox 1069 896 1136 951; x_wconf 73' lang='lat' dir='ltr'>siber</span> <span class='ocrx_word' id='word_1_53' title='bbox 1163 897 1207 951; x_wconf 83' lang='lat' dir='ltr'>die</span> <span class='ocrx_word' id='word_1_54' title='bbox 1231 895 1392 964; x_wconf 78' lang='lat' dir='ltr'>Gepeawcrt</span> <span class='ocrx_word' id='word_1_55' title='bbox 1418 911 1454 950; x_wconf 77' lang='lat' dir='ltr'>aa</span> 
     </span>
     <span class='ocr_line' id='line_1_7' title="bbox 305 974 1452 1048; baseline 0.002 -20"><span class='ocrx_word' id='word_1_56' title='bbox 305 975 440 1042; x_wconf 80' lang='lat' dir='ltr'>mdssipeu</span> <span class='ocrx_word' id='word_1_57' title='bbox 450 976 536 1043; x_wconf 78' lang='lat' dir='ltr'>pflept</span> <span class='ocrx_word' id='word_1_58' title='bbox 549 974 594 1042; x_wconf 88' lang='lat' dir='ltr'>(cf.</span> <span class='ocrx_word' id='word_1_59' title='bbox 604 974 732 1044; x_wconf 85' lang='lat' dir='ltr'>inprimis</span> <span class='ocrx_word' id='word_1_60' title='bbox 743 993 806 1031; x_wconf 87' lang='lat' dir='ltr'>ann.</span> <span class='ocrx_word' id='word_1_61' title='bbox 817 975 856 1029; x_wconf 92' lang='lat' dir='ltr'>III</span> <span class='ocrx_word' id='word_1_62' title='bbox 869 979 921 1044; x_wconf 91' lang='grc'><strong>55).</strong></span> <span class='ocrx_word' id='word_1_63' title='bbox 946 976 1010 1030; x_wconf 89' lang='lat' dir='ltr'>dein</span> <span class='ocrx_word' id='word_1_64' title='bbox 1021 976 1148 1046; x_wconf 76' lang='lat' dir='ltr'>adposite</span> <span class='ocrx_word' id='word_1_65' title='bbox 1158 975 1294 1030; x_wconf 90' lang='lat' dir='ltr'>Meiserus</span> <span class='ocrx_word' id='word_1_66' title='bbox 1306 976 1345 1046; x_wconf 89' lang='lat' dir='ltr'>[p.</span> <span class='ocrx_word' id='word_1_67' title='bbox 1358 980 1391 1030; x_wconf 88' lang='grc'>55</span> <span class='ocrx_word' id='word_1_68' title='bbox 1399 977 1452 1048; x_wconf 80' lang='lat' dir='ltr'>sq]</span> 
     </span>
     <span class='ocr_line' id='line_1_8' title="bbox 306 1054 1455 1126; baseline 0.003 -19"><span class='ocrx_word' id='word_1_69' title='bbox 306 1055 415 1121; x_wconf 88' lang='lat' dir='ltr'>monet,</span> <span class='ocrx_word' id='word_1_70' title='bbox 438 1054 528 1109; x_wconf 87' lang='lat' dir='ltr'>uideri</span> <span class='ocrx_word' id='word_1_71' title='bbox 551 1055 710 1110; x_wconf 88' lang='lat' dir='ltr'>Maternum</span> <span class='ocrx_word' id='word_1_72' title='bbox 733 1071 789 1110; x_wconf 89' lang='lat' dir='ltr'>nou</span> <span class='ocrx_word' id='word_1_73' title='bbox 813 1055 935 1126; x_wconf 87' lang='lat' dir='ltr'>rigidum</span> <span class='ocrx_word' id='word_1_74' title='bbox 960 1060 988 1111; x_wconf 92' lang='lat' dir='ltr'>et</span> <span class='ocrx_word' id='word_1_75' title='bbox 1011 1059 1154 1111; x_wconf 89' lang='lat' dir='ltr'>austerum</span> <span class='ocrx_word' id='word_1_76' title='bbox 1177 1055 1284 1111; x_wconf 83' lang='lat' dir='ltr'>liberae</span> <span class='ocrx_word' id='word_1_77' title='bbox 1302 1055 1370 1125; x_wconf 86' lang='lat' dir='ltr'>reip.</span> <span class='ocrx_word' id='word_1_78' title='bbox 1391 1074 1455 1125; x_wconf 88' lang='lat' dir='ltr'>pro·</span> 
     </span>
     <span class='ocr_line' id='line_1_9' title="bbox 307 1135 1455 1207; baseline 0 -17"><span class='ocrx_word' id='word_1_79' title='bbox 307 1137 491 1207; x_wconf 75' lang='lat' dir='ltr'>pugnatorem</span> <span class='ocrx_word' id='word_1_80' title='bbox 511 1135 597 1190; x_wconf 89' lang='lat' dir='ltr'>fuisse</span> <span class='ocrx_word' id='word_1_81' title='bbox 617 1135 772 1191; x_wconf 82' lang='lat' dir='ltr'>Stoicorum</span> <span class='ocrx_word' id='word_1_82' title='bbox 791 1136 880 1192; x_wconf 87' lang='lat' dir='ltr'>instar</span> <span class='ocrx_word' id='word_1_83' title='bbox 897 1135 1143 1207; x_wconf 86' lang='lat' dir='ltr'>philosophorum,</span> <span class='ocrx_word' id='word_1_84' title='bbox 1169 1137 1217 1191; x_wconf 89' lang='lat' dir='ltr'>sed</span> <span class='ocrx_word' id='word_1_85' title='bbox 1237 1153 1300 1190; x_wconf 91' lang='lat' dir='ltr'>eum</span> <span class='ocrx_word' id='word_1_86' title='bbox 1319 1136 1367 1204; x_wconf 90' lang='lat' dir='ltr'>qui</span> <span class='ocrx_word' id='word_1_87' title='bbox 1381 1135 1455 1192; x_wconf 77' lang='lat' dir='ltr'>¹an-</span> 
     </span>
     <span class='ocr_line' id='line_1_10' title="bbox 308 1216 1456 1287; baseline 0 -17"><span class='ocrx_word' id='word_1_88' title='bbox 308 1235 400 1270; x_wconf 90' lang='lat' dir='ltr'>sarum</span> <span class='ocrx_word' id='word_1_89' title='bbox 419 1216 537 1285; x_wconf 90' lang='lat' dir='ltr'>imperio</span> <span class='ocrx_word' id='word_1_90' title='bbox 557 1217 702 1271; x_wconf 80' lang='lat' dir='ltr'>subnixam</span> <span class='ocrx_word' id='word_1_91' title='bbox 728 1235 787 1273; x_wconf 91' lang='lat' dir='ltr'>esse</span> <span class='ocrx_word' id='word_1_92' title='bbox 812 1217 991 1274; x_wconf 68' lang='lat' dir='ltr'>securitatem</span> <span class='ocrx_word' id='word_1_93' title='bbox 1011 1218 1040 1272; x_wconf 92' lang='lat' dir='ltr'>et</span> <span class='ocrx_word' id='word_1_94' title='bbox 1057 1216 1293 1287; x_wconf 68' lang='lat' dir='ltr'>tranquillitatem</span> <span class='ocrx_word' id='word_1_95' title='bbox 1312 1217 1456 1286; x_wconf 84' lang='lat' dir='ltr'>publicam</span> 
     </span>
     <span class='ocr_line' id='line_1_11' title="bbox 306 1296 1456 1368; baseline 0.002 -18"><span class='ocrx_word' id='word_1_96' title='bbox 306 1296 492 1364; x_wconf 86' lang='lat' dir='ltr'>intellexerit;</span> <span class='ocrx_word' id='word_1_97' title='bbox 516 1314 605 1365; x_wconf 88' lang='lat' dir='ltr'>neque</span> <span class='ocrx_word' id='word_1_98' title='bbox 631 1297 679 1366; x_wconf 89' lang='lat' dir='ltr'>qui</span> <span class='ocrx_word' id='word_1_99' title='bbox 698 1299 780 1353; x_wconf 90' lang='lat' dir='ltr'>corde</span> <span class='ocrx_word' id='word_1_100' title='bbox 800 1300 829 1354; x_wconf 92' lang='lat' dir='ltr'>et</span> <span class='ocrx_word' id='word_1_101' title='bbox 848 1299 940 1353; x_wconf 85' lang='lat' dir='ltr'>animo</span> <span class='ocrx_word' id='word_1_102' title='bbox 961 1297 1086 1367; x_wconf 89' lang='lat' dir='ltr'>priorum</span> <span class='ocrx_word' id='word_1_103' title='bbox 1105 1297 1143 1352; x_wconf 90' lang='lat' dir='ltr'>sit</span> <span class='ocrx_word' id='word_1_104' title='bbox 1161 1301 1320 1368; x_wconf 89' lang='lat' dir='ltr'>temporum</span> <span class='ocrx_word' id='word_1_105' title='bbox 1338 1300 1456 1366; x_wconf 90' lang='lat' dir='ltr'>amator,</span> 
     </span>
     <span class='ocr_line' id='line_1_12' title="bbox 308 1376 1457 1449; baseline 0 -19"><span class='ocrx_word' id='word_1_106' title='bbox 308 1393 325 1430; x_wconf 92' lang='grc'>5</span> <span class='ocrx_word' id='word_1_107' title='bbox 348 1394 377 1430; x_wconf 88' lang='grc'>55</span> <span class='ocrx_word' id='word_1_108' title='bbox 402 1376 567 1445; x_wconf 85' lang='lat' dir='ltr'>desciscere,</span> <span class='ocrx_word' id='word_1_109' title='bbox 596 1377 620 1430; x_wconf 93' lang='lat' dir='ltr'>si</span> <span class='ocrx_word' id='word_1_110' title='bbox 649 1377 679 1430; x_wconf 91' lang='lat' dir='ltr'>id</span> <span class='ocrx_word' id='word_1_111' title='bbox 707 1379 781 1446; x_wconf 90' lang='lat' dir='ltr'>quod</span> <span class='ocrx_word' id='word_1_112' title='bbox 804 1379 946 1449; x_wconf 89' lang='lat' dir='ltr'>praesenti</span> <span class='ocrx_word' id='word_1_113' title='bbox 970 1378 1058 1432; x_wconf 87' lang='lat' dir='ltr'>aetati</span> <span class='ocrx_word' id='word_1_114' title='bbox 1081 1378 1237 1438; x_wconf 80' lang='lat' dir='ltr'>conducens</span> <span class='ocrx_word' id='word_1_115' title='bbox 1256 1378 1457 1432; x_wconf 86' lang='lat' dir='ltr'>necessarium-</span> 
     </span>
     <span class='ocr_line' id='line_1_13' title="bbox 308 1457 1457 1528; baseline 0.002 -18"><span class='ocrx_word' id='word_1_116' title='bbox 308 1473 361 1526; x_wconf 90' lang='lat' dir='ltr'>que</span> <span class='ocrx_word' id='word_1_117' title='bbox 382 1474 450 1511; x_wconf 89' lang='lat' dir='ltr'>sana</span> <span class='ocrx_word' id='word_1_118' title='bbox 468 1460 561 1512; x_wconf 90' lang='lat' dir='ltr'>mente</span> <span class='ocrx_word' id='word_1_119' title='bbox 584 1459 760 1528; x_wconf 85' lang='lat' dir='ltr'>perspexerit</span> <span class='ocrx_word' id='word_1_120' title='bbox 782 1460 870 1515; x_wconf 91' lang='lat' dir='ltr'>libere</span> <span class='ocrx_word' id='word_1_121' title='bbox 894 1458 1066 1528; x_wconf 87' lang='lat' dir='ltr'>profiteatur.</span> <span class='ocrx_word' id='word_1_122' title='bbox 1102 1475 1154 1513; x_wconf 91' lang='lat' dir='ltr'>nec</span> <span class='ocrx_word' id='word_1_123' title='bbox 1176 1460 1270 1512; x_wconf 88' lang='lat' dir='ltr'>tamen</span> <span class='ocrx_word' id='word_1_124' title='bbox 1290 1457 1319 1511; x_wconf 94' lang='lat' dir='ltr'>in</span> <span class='ocrx_word' id='word_1_125' title='bbox 1339 1474 1371 1512; x_wconf 89' lang='lat' dir='ltr'>eo</span> <span class='ocrx_word' id='word_1_126' title='bbox 1390 1475 1457 1512; x_wconf 91' lang='lat' dir='ltr'>con-</span> 
     </span>
     <span class='ocr_line' id='line_1_14' title="bbox 308 1536 1457 1608; baseline 0 -16"><span class='ocrx_word' id='word_1_127' title='bbox 308 1537 396 1607; x_wconf 90' lang='lat' dir='ltr'>probo</span> <span class='ocrx_word' id='word_1_128' title='bbox 415 1536 579 1606; x_wconf 89' lang='lat' dir='ltr'>Meisernm,</span> <span class='ocrx_word' id='word_1_129' title='bbox 605 1539 680 1607; x_wconf 92' lang='lat' dir='ltr'>quod</span> <span class='ocrx_word' id='word_1_130' title='bbox 703 1539 843 1608; x_wconf 83' lang='lat' dir='ltr'>Materno,</span> <span class='ocrx_word' id='word_1_131' title='bbox 868 1555 932 1593; x_wconf 92' lang='lat' dir='ltr'>curn</span> <span class='ocrx_word' id='word_1_132' title='bbox 955 1539 989 1594; x_wconf 91' lang='lat' dir='ltr'>de</span> <span class='ocrx_word' id='word_1_133' title='bbox 1014 1539 1129 1594; x_wconf 89' lang='lat' dir='ltr'>ciuitate</span> <span class='ocrx_word' id='word_1_134' title='bbox 1152 1536 1276 1592; x_wconf 90' lang='lat' dir='ltr'>nondum</span> <span class='ocrx_word' id='word_1_135' title='bbox 1300 1539 1336 1592; x_wconf 88' lang='lat' dir='ltr'>ad</span> <span class='ocrx_word' id='word_1_136' title='bbox 1359 1540 1457 1592; x_wconf 91' lang='lat' dir='ltr'>uotum</span> 
     </span>
     <span class='ocr_line' id='line_1_15' title="bbox 311 1617 1458 1690; baseline -0.003 -16"><span class='ocrx_word' id='word_1_137' title='bbox 311 1617 467 1686; x_wconf 87' lang='lat' dir='ltr'>composita</span> <span class='ocrx_word' id='word_1_138' title='bbox 486 1618 569 1672; x_wconf 89' lang='lat' dir='ltr'>etde</span> <span class='ocrx_word' id='word_1_139' title='bbox 588 1618 793 1687; x_wconf 88' lang='lat' dir='ltr'>sapientissimo</span> <span class='ocrx_word' id='word_1_140' title='bbox 813 1619 843 1673; x_wconf 92' lang='lat' dir='ltr'>et</span> <span class='ocrx_word' id='word_1_141' title='bbox 860 1637 915 1674; x_wconf 91' lang='lat' dir='ltr'>uno</span> <span class='ocrx_word' id='word_1_142' title='bbox 933 1618 1062 1690; x_wconf 91' lang='lat' dir='ltr'>principe</span> <span class='ocrx_word' id='word_1_143' title='bbox 1080 1619 1253 1688; x_wconf 89' lang='lat' dir='ltr'>loqueretur,</span> <span class='ocrx_word' id='word_1_144' title='bbox 1278 1618 1458 1673; x_wconf 88' lang='lat' dir='ltr'>obuersatam</span> 
     </span>
    </p>
   </div>
   <div class='ocr_carea' id='block_1_3' title="bbox 147 1698 1457 1775">
    <p class='ocr_par' dir='ltr' id='par_1_3' title="bbox 147 1698 1457 1775">
     <span class='ocr_line' id='line_1_16' title="bbox 147 1698 1457 1775; baseline 0.001 -25"><span class='ocrx_word' id='word_1_145' title='bbox 147 1717 149 1726; x_wconf 65' lang='grc'>’</span> <span class='ocrx_word' id='word_1_146' title='bbox 231 1769 235 1775; x_wconf 28' lang='grc' dir='ltr'>Ι</span> <span class='ocrx_word' id='word_1_147' title='bbox 264 1727 268 1730; x_wconf 93' lang='grc'>-</span> <span class='ocrx_word' id='word_1_148' title='bbox 310 1698 424 1768; x_wconf 87' lang='lat' dir='ltr'>putauit</span> <span class='ocrx_word' id='word_1_149' title='bbox 455 1698 609 1767; x_wconf 83' lang='lat' dir='ltr'>perfectam</span> <span class='ocrx_word' id='word_1_150' title='bbox 641 1700 721 1754; x_wconf 90' lang='lat' dir='ltr'>illam</span> <span class='ocrx_word' id='word_1_151' title='bbox 751 1699 877 1756; x_wconf 87' lang='lat' dir='ltr'>Platonis</span> <span class='ocrx_word' id='word_1_152' title='bbox 911 1699 1114 1768; x_wconf 88' lang='lat' dir='ltr'>rempublicam</span> <span class='ocrx_word' id='word_1_153' title='bbox 1147 1699 1226 1768; x_wconf 89' lang='lat' dir='ltr'>eique</span> <span class='ocrx_word' id='word_1_154' title='bbox 1259 1698 1457 1768; x_wconf 88' lang='lat' dir='ltr'>philosophum</span> 
     </span>
    </p>
   </div>
   <div class='ocr_carea' id='block_1_4' title="bbox 309 1777 1461 2734">
    <p class='ocr_par' dir='ltr' id='par_1_4' title="bbox 309 1777 1461 2734">
     <span class='ocr_line' id='line_1_17' title="bbox 311 1777 1458 1849; baseline 0 -17"><span class='ocrx_word' id='word_1_155' title='bbox 311 1779 511 1834; x_wconf 87' lang='lat' dir='ltr'>moderantem.</span> <span class='ocrx_word' id='word_1_156' title='bbox 545 1780 655 1836; x_wconf 89' lang='lat' dir='ltr'>uiderat</span> <span class='ocrx_word' id='word_1_157' title='bbox 669 1783 811 1837; x_wconf 88' lang='lat' dir='ltr'>Maternus</span> <span class='ocrx_word' id='word_1_158' title='bbox 826 1781 918 1835; x_wconf 89' lang='lat' dir='ltr'>dirum</span> <span class='ocrx_word' id='word_1_159' title='bbox 932 1779 1052 1834; x_wconf 89' lang='lat' dir='ltr'>Neronis</span> <span class='ocrx_word' id='word_1_160' title='bbox 1067 1797 1197 1849; x_wconf 86' lang='lat' dir='ltr'>regnum:</span> <span class='ocrx_word' id='word_1_161' title='bbox 1226 1795 1274 1833; x_wconf 91' lang='lat' dir='ltr'>cnr</span> <span class='ocrx_word' id='word_1_162' title='bbox 1291 1777 1458 1847; x_wconf 83' lang='lat' dir='ltr'>negabimus</span> 
     </span>
     <span class='ocr_line' id='line_1_18' title="bbox 309 1858 1457 1929; baseline -0.003 -14"><span class='ocrx_word' id='word_1_163' title='bbox 309 1860 390 1915; x_wconf 92' lang='lat' dir='ltr'>illurn</span> <span class='ocrx_word' id='word_1_164' title='bbox 415 1876 449 1913; x_wconf 86' lang='lat' dir='ltr'>ex</span> <span class='ocrx_word' id='word_1_165' title='bbox 474 1859 560 1914; x_wconf 86' lang='lat' dir='ltr'>animi</span> <span class='ocrx_word' id='word_1_166' title='bbox 585 1862 724 1916; x_wconf 88' lang='lat' dir='ltr'>sententia</span> <span class='ocrx_word' id='word_1_167' title='bbox 742 1863 832 1916; x_wconf 88' lang='lat' dir='ltr'>colere</span> <span class='ocrx_word' id='word_1_168' title='bbox 852 1877 884 1914; x_wconf 90' lang='lat' dir='ltr'>ac</span> <span class='ocrx_word' id='word_1_169' title='bbox 905 1860 1033 1914; x_wconf 88' lang='lat' dir='ltr'>uenerari</span> <span class='ocrx_word' id='word_1_170' title='bbox 1052 1859 1257 1929; x_wconf 80' lang='lat' dir='ltr'>Vespasianum</span> <span class='ocrx_word' id='word_1_171' title='bbox 1275 1861 1308 1913; x_wconf 91' lang='lat' dir='ltr'>ut</span> <span class='ocrx_word' id='word_1_172' title='bbox 1326 1874 1390 1922; x_wconf 90' lang='lat' dir='ltr'>eum</span> <span class='ocrx_word' id='word_1_173' title='bbox 1409 1858 1457 1926; x_wconf 88' lang='lat' dir='ltr'>qui</span> 
     </span>
     <span class='ocr_line' id='line_1_19' title="bbox 310 1938 1459 2010; baseline -0.002 -16"><span class='ocrx_word' id='word_1_174' title='bbox 310 1940 407 2009; x_wconf 86' lang='lat' dir='ltr'>quieta</span> <span class='ocrx_word' id='word_1_175' title='bbox 426 1942 455 1994; x_wconf 89' lang='lat' dir='ltr'>et</span> <span class='ocrx_word' id='word_1_176' title='bbox 472 1941 558 1994; x_wconf 89' lang='lat' dir='ltr'>beata</span> <span class='ocrx_word' id='word_1_177' title='bbox 575 1941 718 1995; x_wconf 85' lang='lat' dir='ltr'>reduxerit</span> <span class='ocrx_word' id='word_1_178' title='bbox 735 1942 880 2010; x_wconf 82' lang='lat' dir='ltr'>tempora?</span> <span class='ocrx_word' id='word_1_179' title='bbox 912 1958 1067 2009; x_wconf 65' lang='lat' dir='ltr'>‚rursusque</span> <span class='ocrx_word' id='word_1_180' title='bbox 1092 1940 1159 2008; x_wconf 91' lang='lat' dir='ltr'>quid</span> <span class='ocrx_word' id='word_1_181' title='bbox 1179 1941 1266 1994; x_wconf 89' lang='lat' dir='ltr'>habet</span> <span class='ocrx_word' id='word_1_182' title='bbox 1284 1938 1360 2008; x_wconf 91' lang='lat' dir='ltr'>miri,</span> <span class='ocrx_word' id='word_1_183' title='bbox 1384 1938 1459 2008; x_wconf 90' lang='lat' dir='ltr'>quod</span> 
     </span>
     <span class='ocr_line' id='line_1_20' title="bbox 309 2019 1459 2092; baseline 0 -18"><span class='ocrx_word' id='word_1_184' title='bbox 309 2021 359 2075; x_wconf 91' lang='lat' dir='ltr'>ille</span> <span class='ocrx_word' id='word_1_185' title='bbox 383 2019 429 2074; x_wconf 92' lang='lat' dir='ltr'>uel</span> <span class='ocrx_word' id='word_1_186' title='bbox 452 2019 482 2072; x_wconf 92' lang='lat' dir='ltr'>in</span> <span class='ocrx_word' id='word_1_187' title='bbox 505 2022 564 2073; x_wconf 89' lang='lat' dir='ltr'>tam</span> <span class='ocrx_word' id='word_1_188' title='bbox 588 2020 678 2076; x_wconf 82' lang='lat' dir='ltr'>felicis</span> <span class='ocrx_word' id='word_1_189' title='bbox 701 2021 875 2092; x_wconf 87' lang='lat' dir='ltr'>principatus</span> <span class='ocrx_word' id='word_1_190' title='bbox 898 2022 1048 2076; x_wconf 89' lang='lat' dir='ltr'>securitate</span> <span class='ocrx_word' id='word_1_191' title='bbox 1068 2021 1203 2076; x_wconf 89' lang='lat' dir='ltr'>nonnulla</span> <span class='ocrx_word' id='word_1_192' title='bbox 1220 2020 1343 2075; x_wconf 92' lang='lat' dir='ltr'>nondum</span> <span class='ocrx_word' id='word_1_193' title='bbox 1363 2036 1459 2075; x_wconf 89' lang='lat' dir='ltr'>secun·</span> 
     </span>
     <span class='ocr_line' id='line_1_21' title="bbox 312 2099 1459 2176; baseline -0.002 -23"><span class='ocrx_word' id='word_1_194' title='bbox 312 2100 377 2154; x_wconf 92' lang='lat' dir='ltr'>dum</span> <span class='ocrx_word' id='word_1_195' title='bbox 399 2099 537 2176; x_wconf 88' lang='lat' dir='ltr'>bonorum</span> <span class='ocrx_word' id='word_1_196' title='bbox 560 2102 657 2155; x_wconf 92' lang='lat' dir='ltr'>uotum</span> <span class='ocrx_word' id='word_1_197' title='bbox 681 2119 742 2156; x_wconf 88' lang='lat' dir='ltr'>esse</span> <span class='ocrx_word' id='word_1_198' title='bbox 766 2102 923 2171; x_wconf 89' lang='lat' dir='ltr'>composita</span> <span class='ocrx_word' id='word_1_199' title='bbox 940 2102 1070 2171; x_wconf 79' lang='lat' dir='ltr'>putauit?</span> <span class='ocrx_word' id='word_1_200' title='bbox 1117 2102 1159 2156; x_wconf 94' lang='lat' dir='ltr'>his</span> <span class='ocrx_word' id='word_1_201' title='bbox 1184 2118 1216 2156; x_wconf 91' lang='lat' dir='ltr'>ae</span> <span class='ocrx_word' id='word_1_202' title='bbox 1239 2101 1355 2167; x_wconf 89' lang='lat' dir='ltr'>talibus,</span> <span class='ocrx_word' id='word_1_203' title='bbox 1386 2114 1459 2169; x_wconf 88' lang='lat' dir='ltr'>quae</span> 
     </span>
     <span class='ocr_line' id='line_1_22' title="bbox 310 2177 1459 2251; baseline -0.002 -17"><span class='ocrx_word' id='word_1_204' title='bbox 310 2181 354 2235; x_wconf 93' lang='lat' dir='ltr'>illi</span> <span class='ocrx_word' id='word_1_205' title='bbox 377 2198 433 2235; x_wconf 93' lang='lat' dir='ltr'>non</span> <span class='ocrx_word' id='word_1_206' title='bbox 457 2180 516 2236; x_wconf 89' lang='lat' dir='ltr'>sine</span> <span class='ocrx_word' id='word_1_207' title='bbox 535 2181 735 2251; x_wconf 85' lang='lat' dir='ltr'>probabilitate</span> <span class='ocrx_word' id='word_1_208' title='bbox 754 2180 945 2251; x_wconf 87' lang='lat' dir='ltr'>protulerunt,</span> <span class='ocrx_word' id='word_1_209' title='bbox 965 2182 1033 2236; x_wconf 89' lang='lat' dir='ltr'>haec</span> <span class='ocrx_word' id='word_1_210' title='bbox 1052 2177 1320 2236; x_wconf 82' lang='lat' dir='ltr'>haheo⁰edicienda</span> <span class='ocrx_word' id='word_1_211' title='bbox 1357 2180 1459 2234; x_wconf 87' lang='lat' dir='ltr'>Mater-</span> 
     </span>
     <span class='ocr_line' id='line_1_23' title="bbox 311 2258 1460 2331; baseline -0.002 -17"><span class='ocrx_word' id='word_1_212' title='bbox 311 2279 378 2315; x_wconf 89' lang='lat' dir='ltr'>num</span> <span class='ocrx_word' id='word_1_213' title='bbox 397 2259 493 2315; x_wconf 91' lang='lat' dir='ltr'>uidere</span> <span class='ocrx_word' id='word_1_214' title='bbox 512 2259 582 2315; x_wconf 92' lang='lat' dir='ltr'>mihi</span> <span class='ocrx_word' id='word_1_215' title='bbox 601 2259 698 2316; x_wconf 89' lang='lat' dir='ltr'>uideor</span> <span class='ocrx_word' id='word_1_216' title='bbox 716 2261 808 2314; x_wconf 90' lang='lat' dir='ltr'>uirum</span> <span class='ocrx_word' id='word_1_217' title='bbox 827 2259 921 2315; x_wconf 89' lang='lat' dir='ltr'>animo</span> <span class='ocrx_word' id='word_1_218' title='bbox 940 2261 1025 2317; x_wconf 87' lang='lat' dir='ltr'>altius</span> <span class='ocrx_word' id='word_1_219' title='bbox 1046 2263 1121 2317; x_wconf 87' lang='lat' dir='ltr'>elato</span> <span class='ocrx_word' id='word_1_220' title='bbox 1142 2261 1328 2331; x_wconf 88' lang='lat' dir='ltr'>cogitationes</span> <span class='ocrx_word' id='word_1_221' title='bbox 1346 2258 1460 2313; x_wconf 90' lang='lat' dir='ltr'>mitten-</span> 
     </span>
     <span class='ocr_line' id='line_1_24' title="bbox 311 2339 1461 2412; baseline -0.002 -16"><span class='ocrx_word' id='word_1_222' title='bbox 311 2344 371 2396; x_wconf 89' lang='lat' dir='ltr'>tem</span> <span class='ocrx_word' id='word_1_223' title='bbox 387 2341 417 2395; x_wconf 90' lang='lat' dir='ltr'>in</span> <span class='ocrx_word' id='word_1_224' title='bbox 435 2342 565 2410; x_wconf 88' lang='lat' dir='ltr'>tempora</span> <span class='ocrx_word' id='word_1_225' title='bbox 582 2341 748 2411; x_wconf 89' lang='lat' dir='ltr'>praeterita,</span> <span class='ocrx_word' id='word_1_226' title='bbox 772 2341 800 2394; x_wconf 93' lang='lat' dir='ltr'>in</span> <span class='ocrx_word' id='word_1_227' title='bbox 825 2341 925 2412; x_wconf 86' lang='lat' dir='ltr'>quibus</span> <span class='ocrx_word' id='word_1_228' title='bbox 949 2346 1095 2412; x_wconf 88' lang='lat' dir='ltr'>quaereret</span> <span class='ocrx_word' id='word_1_229' title='bbox 1118 2359 1254 2402; x_wconf 89' lang='lat' dir='ltr'>summam</span> <span class='ocrx_word' id='word_1_230' title='bbox 1273 2341 1353 2394; x_wconf 88' lang='lat' dir='ltr'>illam</span> <span class='ocrx_word' id='word_1_231' title='bbox 1372 2339 1461 2409; x_wconf 90' lang='lat' dir='ltr'>pulcri</span> 
     </span>
     <span class='ocr_line' id='line_1_25' title="bbox 311 2421 1461 2493; baseline -0.003 -15"><span class='ocrx_word' id='word_1_232' title='bbox 311 2423 427 2492; x_wconf 89' lang='lat' dir='ltr'>uerique</span> <span class='ocrx_word' id='word_1_233' title='bbox 447 2422 568 2492; x_wconf 87' lang='lat' dir='ltr'>speciem</span> <span class='ocrx_word' id='word_1_234' title='bbox 587 2424 680 2477; x_wconf 88' lang='lat' dir='ltr'>mente</span> <span class='ocrx_word' id='word_1_235' title='bbox 701 2426 880 2493; x_wconf 86' lang='lat' dir='ltr'>conceptam,</span> <span class='ocrx_word' id='word_1_236' title='bbox 900 2441 983 2492; x_wconf 88' lang='lat' dir='ltr'>quam</span> <span class='ocrx_word' id='word_1_237' title='bbox 997 2423 1162 2478; x_wconf 87' lang='lat' dir='ltr'>intuendam</span> <span class='ocrx_word' id='word_1_238' title='bbox 1177 2421 1368 2492; x_wconf 86' lang='lat' dir='ltr'>denegauerat</span> <span class='ocrx_word' id='word_1_239' title='bbox 1383 2422 1461 2475; x_wconf 87' lang='lat' dir='ltr'>aetas</span> 
     </span>
     <span class='ocr_line' id='line_1_26' title="bbox 312 2501 1461 2574; baseline -0.003 -16"><span class='ocrx_word' id='word_1_240' title='bbox 312 2521 451 2574; x_wconf 88' lang='lat' dir='ltr'>praesens.</span> <span class='ocrx_word' id='word_1_241' title='bbox 493 2502 564 2557; x_wconf 89' lang='lat' dir='ltr'>tales</span> <span class='ocrx_word' id='word_1_242' title='bbox 583 2503 718 2572; x_wconf 86' lang='lat' dir='ltr'>¹homines</span> <span class='ocrx_word' id='word_1_243' title='bbox 745 2521 762 2558; x_wconf 93' lang='grc'>5</span> <span class='ocrx_word' id='word_1_244' title='bbox 788 2503 885 2572; x_wconf 91' lang='lat' dir='ltr'>paucis</span> <span class='ocrx_word' id='word_1_245' title='bbox 908 2503 1122 2573; x_wconf 85' lang='lat' dir='ltr'>intelleguntur,</span> <span class='ocrx_word' id='word_1_246' title='bbox 1146 2519 1164 2555; x_wconf 93' lang='lat' dir='ltr'>a</span> <span class='ocrx_word' id='word_1_247' title='bbox 1186 2501 1364 2572; x_wconf 81' lang='lat' dir='ltr'>paucioribus</span> <span class='ocrx_word' id='word_1_248' title='bbox 1388 2519 1461 2557; x_wconf 91' lang='lat' dir='ltr'>corn-</span> 
     </span>
     <span class='ocr_line' id='line_1_27' title="bbox 312 2582 1461 2654; baseline -0.002 -18"><span class='ocrx_word' id='word_1_249' title='bbox 312 2583 480 2652; x_wconf 87' lang='lat' dir='ltr'>probantur;</span> <span class='ocrx_word' id='word_1_250' title='bbox 501 2583 529 2634; x_wconf 94' lang='lat' dir='ltr'>et</span> <span class='ocrx_word' id='word_1_251' title='bbox 544 2585 644 2636; x_wconf 89' lang='lat' dir='ltr'>utnon</span> <span class='ocrx_word' id='word_1_252' title='bbox 659 2585 757 2637; x_wconf 90' lang='lat' dir='ltr'>curant</span> <span class='ocrx_word' id='word_1_253' title='bbox 770 2583 861 2637; x_wconf 90' lang='lat' dir='ltr'>hilum</span> <span class='ocrx_word' id='word_1_254' title='bbox 875 2582 955 2654; x_wconf 87' lang='lat' dir='ltr'>uulgi</span> <span class='ocrx_word' id='word_1_255' title='bbox 974 2584 1008 2638; x_wconf 87' lang='lat' dir='ltr'>de</span> <span class='ocrx_word' id='word_1_256' title='bbox 1023 2602 1051 2638; x_wconf 90' lang='lat' dir='ltr'>se</span> <span class='ocrx_word' id='word_1_257' title='bbox 1070 2584 1239 2654; x_wconf 85' lang='lat' dir='ltr'>opinionem,</span> <span class='ocrx_word' id='word_1_258' title='bbox 1257 2583 1299 2637; x_wconf 87' lang='lat' dir='ltr'>ita</span> <span class='ocrx_word' id='word_1_259' title='bbox 1312 2582 1461 2638; x_wconf 90' lang='lat' dir='ltr'>inrisorum</span> 
     </span>
     <span class='ocr_line' id='line_1_28' title="bbox 311 2662 1461 2734; baseline 0 -18"><span class='ocrx_word' id='word_1_260' title='bbox 311 2662 543 2730; x_wconf 88' lang='lat' dir='ltr'>inimicorumque</span> <span class='ocrx_word' id='word_1_261' title='bbox 573 2663 746 2716; x_wconf 88' lang='lat' dir='ltr'>sermonibus</span> <span class='ocrx_word' id='word_1_262' title='bbox 775 2663 899 2732; x_wconf 89' lang='lat' dir='ltr'>amplam</span> <span class='ocrx_word' id='word_1_263' title='bbox 931 2665 1067 2734; x_wconf 89' lang='lat' dir='ltr'>praebent</span> <span class='ocrx_word' id='word_1_264' title='bbox 1099 2663 1217 2733; x_wconf 89' lang='lat' dir='ltr'>copiam.</span> <span class='ocrx_word' id='word_1_265' title='bbox 1264 2664 1294 2717; x_wconf 90' lang='lat' dir='ltr'>id</span> <span class='ocrx_word' id='word_1_266' title='bbox 1327 2662 1401 2732; x_wconf 91' lang='lat' dir='ltr'>quod</span> <span class='ocrx_word' id='word_1_267' title='bbox 1431 2663 1461 2717; x_wconf 93' lang='lat' dir='ltr'>in</span> 
     </span>
    </p>
   </div>
   <div class='ocr_carea' id='block_1_5' title="bbox 225 2741 1463 2814">
    <p class='ocr_par' dir='ltr' id='par_1_5' title="bbox 225 2741 1463 2814">
     <span class='ocr_line' id='line_1_29' title="bbox 225 2741 1463 2814; baseline 0 -18"><span class='ocrx_word' id='word_1_268' title='bbox 225 2806 226 2809; x_wconf 7' lang='grc' dir='ltr'><strong>Ἴ</strong></span> <span class='ocrx_word' id='word_1_269' title='bbox 312 2743 439 2796; x_wconf 89' lang='lat' dir='ltr'>Materno</span> <span class='ocrx_word' id='word_1_270' title='bbox 464 2759 515 2796; x_wconf 85' lang='lat' dir='ltr'>usu</span> <span class='ocrx_word' id='word_1_271' title='bbox 533 2741 656 2809; x_wconf 90' lang='lat' dir='ltr'>uenisse,</span> <span class='ocrx_word' id='word_1_272' title='bbox 681 2759 715 2797; x_wconf 86' lang='lat' dir='ltr'>ex</span> <span class='ocrx_word' id='word_1_273' title='bbox 736 2744 838 2814; x_wconf 90' lang='lat' dir='ltr'>primis</span> <span class='ocrx_word' id='word_1_274' title='bbox 862 2743 969 2813; x_wconf 84' lang='lat' dir='ltr'>dialogi</span> <span class='ocrx_word' id='word_1_275' title='bbox 993 2743 1132 2814; x_wconf 88' lang='lat' dir='ltr'>capitibus</span> <span class='ocrx_word' id='word_1_276' title='bbox 1160 2743 1271 2798; x_wconf 89' lang='lat' dir='ltr'>scimus.</span> <span class='ocrx_word' id='word_1_277' title='bbox 1309 2742 1354 2797; x_wconf 88' lang='lat' dir='ltr'>oui</span> <span class='ocrx_word' id='word_1_278' title='bbox 1377 2743 1417 2796; x_wconf 92' lang='lat' dir='ltr'>rei</span> <span class='ocrx_word' id='word_1_279' title='bbox 1439 2742 1463 2798; x_wconf 94' lang='lat' dir='ltr'>si</span> 
     </span>
    </p>
   </div>
   <div class='ocr_carea' id='block_1_6' title="bbox 312 2820 1467 4588">
    <p class='ocr_par' dir='ltr' id='par_1_6' title="bbox 312 2820 1467 4588">
     <span class='ocr_line' id='line_1_30' title="bbox 312 2820 1462 2892; baseline 0.001 -15"><span class='ocrx_word' id='word_1_280' title='bbox 312 2823 406 2889; x_wconf 89' lang='lat' dir='ltr'>addis,</span> <span class='ocrx_word' id='word_1_281' title='bbox 426 2839 489 2877; x_wconf 90' lang='lat' dir='ltr'>eum</span> <span class='ocrx_word' id='word_1_282' title='bbox 509 2822 595 2877; x_wconf 89' lang='lat' dir='ltr'>animi</span> <span class='ocrx_word' id='word_1_283' title='bbox 614 2840 669 2892; x_wconf 90' lang='lat' dir='ltr'>quo</span> <span class='ocrx_word' id='word_1_284' title='bbox 689 2825 725 2878; x_wconf 88' lang='lat' dir='ltr'>ad</span> <span class='ocrx_word' id='word_1_285' title='bbox 744 2826 870 2879; x_wconf 91' lang='lat' dir='ltr'>ueterum</span> <span class='ocrx_word' id='word_1_286' title='bbox 886 2824 1099 2880; x_wconf 86' lang='lat' dir='ltr'>admirationem</span> <span class='ocrx_word' id='word_1_287' title='bbox 1114 2820 1280 2879; x_wconf 85' lang='lat' dir='ltr'>trahebatur</span> <span class='ocrx_word' id='word_1_288' title='bbox 1293 2824 1462 2878; x_wconf 87' lang='lat' dir='ltr'>documenta</span> 
     </span>
     <span class='ocr_line' id='line_1_31' title="bbox 314 2903 1462 2975; baseline -0.001 -17"><span class='ocrx_word' id='word_1_289' title='bbox 314 2921 347 2958; x_wconf 88' lang='lat' dir='ltr'>ea</span> <span class='ocrx_word' id='word_1_290' title='bbox 366 2903 498 2970; x_wconf 88' lang='lat' dir='ltr'>edidisse,</span> <span class='ocrx_word' id='word_1_291' title='bbox 520 2919 590 2972; x_wconf 90' lang='lat' dir='ltr'>quae</span> <span class='ocrx_word' id='word_1_292' title='bbox 610 2904 744 2960; x_wconf 88' lang='lat' dir='ltr'>facillime</span> <span class='ocrx_word' id='word_1_293' title='bbox 763 2905 793 2959; x_wconf 93' lang='lat' dir='ltr'>in</span> <span class='ocrx_word' id='word_1_294' title='bbox 811 2904 934 2975; x_wconf 89' lang='lat' dir='ltr'>peiorem</span> <span class='ocrx_word' id='word_1_295' title='bbox 953 2907 1063 2975; x_wconf 90' lang='lat' dir='ltr'>partem</span> <span class='ocrx_word' id='word_1_296' title='bbox 1081 2905 1164 2960; x_wconf 90' lang='lat' dir='ltr'>licuit</span> <span class='ocrx_word' id='word_1_297' title='bbox 1181 2903 1361 2974; x_wconf 89' lang='lat' dir='ltr'>interpretari</span> <span class='ocrx_word' id='word_1_298' title='bbox 1381 2903 1462 2958; x_wconf 86' lang='lat' dir='ltr'>meli-</span> 
     </span>
     <span class='ocr_line' id='line_1_32' title="bbox 312 2984 1464 3055; baseline 0 -17"><span class='ocrx_word' id='word_1_299' title='bbox 312 2984 398 3053; x_wconf 89' lang='lat' dir='ltr'>uolis,</span> <span class='ocrx_word' id='word_1_300' title='bbox 422 2984 580 3054; x_wconf 84' lang='lat' dir='ltr'>explicatur</span> <span class='ocrx_word' id='word_1_301' title='bbox 603 3001 651 3039; x_wconf 89' lang='lat' dir='ltr'>cur</span> <span class='ocrx_word' id='word_1_302' title='bbox 673 2985 835 3055; x_wconf 90' lang='lat' dir='ltr'>potentibus</span> <span class='ocrx_word' id='word_1_303' title='bbox 855 3003 980 3055; x_wconf 86' lang='lat' dir='ltr'>quoque,</span> <span class='ocrx_word' id='word_1_304' title='bbox 1004 2985 1053 3054; x_wconf 90' lang='lat' dir='ltr'>qui</span> <span class='ocrx_word' id='word_1_305' title='bbox 1076 3003 1132 3041; x_wconf 93' lang='lat' dir='ltr'>non</span> <span class='ocrx_word' id='word_1_306' title='bbox 1151 2984 1308 3040; x_wconf 88' lang='lat' dir='ltr'>accuratius</span> <span class='ocrx_word' id='word_1_307' title='bbox 1327 2986 1464 3038; x_wconf 88' lang='lat' dir='ltr'>nouerant</span> 
     </span>
     <span class='ocr_line' id='line_1_33' title="bbox 312 3064 1464 3141; baseline -0.001 -21"><span class='ocrx_word' id='word_1_308' title='bbox 312 3064 456 3120; x_wconf 89' lang='lat' dir='ltr'>hominem</span> <span class='ocrx_word' id='word_1_309' title='bbox 476 3065 632 3135; x_wconf 84' lang='lat' dir='ltr'>egregium,</span> <span class='ocrx_word' id='word_1_310' title='bbox 652 3068 797 3141; x_wconf 85' lang='lat' dir='ltr'>suspectus</span> <span class='ocrx_word' id='word_1_311' title='bbox 817 3082 878 3120; x_wconf 87' lang='lat' dir='ltr'>esse</span> <span class='ocrx_word' id='word_1_312' title='bbox 897 3067 943 3120; x_wconf 91' lang='lat' dir='ltr'>uel</span> <span class='ocrx_word' id='word_1_313' title='bbox 962 3069 1038 3121; x_wconf 89' lang='lat' dir='ltr'>certe</span> <span class='ocrx_word' id='word_1_314' title='bbox 1057 3066 1114 3120; x_wconf 90' lang='lat' dir='ltr'>dici</span> <span class='ocrx_word' id='word_1_315' title='bbox 1132 3065 1261 3137; x_wconf 90' lang='lat' dir='ltr'>potuerit.</span> <span class='ocrx_word' id='word_1_316' title='bbox 1300 3066 1329 3119; x_wconf 92' lang='lat' dir='ltr'>in</span> <span class='ocrx_word' id='word_1_317' title='bbox 1347 3081 1464 3119; x_wconf 90' lang='lat' dir='ltr'>numero</span> 
     </span>
     <span class='ocr_line' id='line_1_34' title="bbox 314 3145 1463 3217; baseline 0 -17"><span class='ocrx_word' id='word_1_318' title='bbox 314 3147 409 3200; x_wconf 87' lang='lat' dir='ltr'>autem</span> <span class='ocrx_word' id='word_1_319' title='bbox 428 3161 595 3214; x_wconf 90' lang='lat' dir='ltr'>paucorum,</span> <span class='ocrx_word' id='word_1_320' title='bbox 614 3145 663 3214; x_wconf 89' lang='lat' dir='ltr'>qui</span> <span class='ocrx_word' id='word_1_321' title='bbox 681 3148 883 3216; x_wconf 84' lang='lat' dir='ltr'>perspexerant</span> <span class='ocrx_word' id='word_1_322' title='bbox 903 3146 957 3200; x_wconf 90' lang='lat' dir='ltr'>uiri</span> <span class='ocrx_word' id='word_1_323' title='bbox 975 3149 1103 3201; x_wconf 87' lang='lat' dir='ltr'>naturam</span> <span class='ocrx_word' id='word_1_324' title='bbox 1123 3147 1224 3217; x_wconf 88' lang='lat' dir='ltr'>altam,</span> <span class='ocrx_word' id='word_1_325' title='bbox 1247 3163 1299 3215; x_wconf 89' lang='lat' dir='ltr'>par</span> <span class='ocrx_word' id='word_1_326' title='bbox 1317 3148 1359 3200; x_wconf 89' lang='lat' dir='ltr'>est</span> <span class='ocrx_word' id='word_1_327' title='bbox 1377 3145 1463 3200; x_wconf 88' lang='lat' dir='ltr'>fuisse</span> 
     </span>
     <span class='ocr_line' id='line_1_35' title="bbox 314 3224 1464 3297; baseline 0 -17"><span class='ocrx_word' id='word_1_328' title='bbox 314 3226 442 3280; x_wconf 80' lang='lat' dir='ltr'>Taciturn</span> <span class='ocrx_word' id='word_1_329' title='bbox 461 3241 512 3294; x_wconf 90' lang='lat' dir='ltr'>per</span> <span class='ocrx_word' id='word_1_330' title='bbox 532 3224 625 3280; x_wconf 89' lang='lat' dir='ltr'>omnia</span> <span class='ocrx_word' id='word_1_331' title='bbox 648 3225 725 3280; x_wconf 91' lang='lat' dir='ltr'>illius</span> <span class='ocrx_word' id='word_1_332' title='bbox 744 3226 927 3280; x_wconf 89' lang='lat' dir='ltr'>simillimum.</span> <span class='ocrx_word' id='word_1_333' title='bbox 970 3226 1036 3281; x_wconf 92' lang='lat' dir='ltr'>nolo</span> <span class='ocrx_word' id='word_1_334' title='bbox 1060 3227 1204 3297; x_wconf 90' lang='lat' dir='ltr'>persequi,</span> <span class='ocrx_word' id='word_1_335' title='bbox 1227 3229 1400 3297; x_wconf 85' lang='lat' dir='ltr'>quantopere</span> <span class='ocrx_word' id='word_1_336' title='bbox 1423 3227 1464 3281; x_wconf 90' lang='lat' dir='ltr'>eis</span> 
     </span>
     <span class='ocr_line' id='line_1_36' title="bbox 314 3303 1464 3376; baseline -0.001 -16"><span class='ocrx_word' id='word_1_337' title='bbox 314 3322 385 3376; x_wconf 88' lang='lat' dir='ltr'>quae</span> <span class='ocrx_word' id='word_1_338' title='bbox 409 3303 479 3359; x_wconf 88' lang='lat' dir='ltr'>dicit</span> <span class='ocrx_word' id='word_1_339' title='bbox 501 3303 645 3360; x_wconf 88' lang='lat' dir='ltr'>Maternus</span> <span class='ocrx_word' id='word_1_340' title='bbox 670 3323 692 3360; x_wconf 90' lang='grc'>5.</span> <span class='ocrx_word' id='word_1_341' title='bbox 716 3312 750 3360; x_wconf 87' lang='grc'>35</span> <span class='ocrx_word' id='word_1_342' title='bbox 775 3311 844 3364; x_wconf 86' lang='lat' dir='ltr'>extr.</span> <span class='ocrx_word' id='word_1_343' title='bbox 868 3339 901 3347; x_wconf 95' lang='lat'><em>-</em></span> <span class='ocrx_word' id='word_1_344' title='bbox 926 3311 958 3360; x_wconf 84' lang='lat'>41</span> <span class='ocrx_word' id='word_1_345' title='bbox 983 3306 1029 3359; x_wconf 91' lang='lat' dir='ltr'>fin.</span> <span class='ocrx_word' id='word_1_346' title='bbox 1054 3308 1203 3363; x_wconf 85' lang='lat' dir='ltr'>conueniat</span> <span class='ocrx_word' id='word_1_347' title='bbox 1229 3325 1291 3361; x_wconf 93' lang='lat' dir='ltr'>cum</span> <span class='ocrx_word' id='word_1_348' title='bbox 1318 3306 1464 3362; x_wconf 90' lang='lat' dir='ltr'>sententiis</span> 
     </span>
     <span class='ocr_line' id='line_1_37' title="bbox 314 3385 1464 3458; baseline 0.002 -18"><span class='ocrx_word' id='word_1_349' title='bbox 314 3385 384 3440; x_wconf 88' lang='lat' dir='ltr'>alibi</span> <span class='ocrx_word' id='word_1_350' title='bbox 417 3385 452 3439; x_wconf 90' lang='lat' dir='ltr'>ab</span> <span class='ocrx_word' id='word_1_351' title='bbox 484 3385 545 3454; x_wconf 91' lang='lat' dir='ltr'>ipso</span> <span class='ocrx_word' id='word_1_352' title='bbox 579 3385 677 3440; x_wconf 87' lang='lat' dir='ltr'>Tacito</span> <span class='ocrx_word' id='word_1_353' title='bbox 710 3387 861 3442; x_wconf 88' lang='lat' dir='ltr'>declaretis</span> <span class='ocrx_word' id='word_1_354' title='bbox 894 3387 1048 3458; x_wconf 85' lang='lat' dir='ltr'>(congessit</span> <span class='ocrx_word' id='word_1_355' title='bbox 1080 3405 1175 3442; x_wconf 89' lang='lat' dir='ltr'>eorum</span> <span class='ocrx_word' id='word_1_356' title='bbox 1207 3387 1342 3442; x_wconf 89' lang='lat' dir='ltr'>nonnulla</span> <span class='ocrx_word' id='word_1_357' title='bbox 1369 3387 1464 3442; x_wconf 89' lang='lat' dir='ltr'>Wein-</span> 
     </span>
     <span class='ocr_line' id='line_1_38' title="bbox 313 3464 1465 3538; baseline 0.002 -18"><span class='ocrx_word' id='word_1_358' title='bbox 313 3465 434 3520; x_wconf 84' lang='lat' dir='ltr'>kauffius</span> <span class='ocrx_word' id='word_1_359' title='bbox 458 3464 476 3518; x_wconf 92' lang='lat' dir='ltr'>l.</span> <span class='ocrx_word' id='word_1_360' title='bbox 500 3464 545 3534; x_wconf 80' lang='lat' dir='ltr'>l.):</span> <span class='ocrx_word' id='word_1_361' title='bbox 570 3483 681 3522; x_wconf 87' lang='lat' dir='ltr'>summo</span> <span class='ocrx_word' id='word_1_362' title='bbox 705 3467 780 3523; x_wconf 90' lang='lat' dir='ltr'>huno</span> <span class='ocrx_word' id='word_1_363' title='bbox 803 3485 898 3524; x_wconf 89' lang='lat' dir='ltr'>amore</span> <span class='ocrx_word' id='word_1_364' title='bbox 921 3485 1037 3538; x_wconf 88' lang='lat' dir='ltr'>poeseos</span> <span class='ocrx_word' id='word_1_365' title='bbox 1060 3468 1264 3524; x_wconf 89' lang='lat' dir='ltr'>inflammatum</span> <span class='ocrx_word' id='word_1_366' title='bbox 1285 3467 1386 3538; x_wconf 87' lang='lat' dir='ltr'>fuisse,</span> <span class='ocrx_word' id='word_1_367' title='bbox 1409 3485 1465 3522; x_wconf 89' lang='lat' dir='ltr'>non</span> 
     </span>
     <span class='ocr_line' id='line_1_39' title="bbox 315 3543 1465 3619; baseline 0.002 -19"><span class='ocrx_word' id='word_1_368' title='bbox 315 3547 406 3602; x_wconf 90' lang='lat' dir='ltr'>solum</span> <span class='ocrx_word' id='word_1_369' title='bbox 427 3543 562 3600; x_wconf 89' lang='lat' dir='ltr'>sermonis</span> <span class='ocrx_word' id='word_1_370' title='bbox 581 3546 657 3602; x_wconf 89' lang='lat' dir='ltr'>color</span> <span class='ocrx_word' id='word_1_371' title='bbox 675 3547 722 3602; x_wconf 89' lang='lat' dir='ltr'>uel</span> <span class='ocrx_word' id='word_1_372' title='bbox 739 3547 770 3603; x_wconf 92' lang='lat' dir='ltr'>in</span> <span class='ocrx_word' id='word_1_373' title='bbox 789 3549 901 3618; x_wconf 88' lang='lat' dir='ltr'>scriptis</span> <span class='ocrx_word' id='word_1_374' title='bbox 919 3550 1061 3606; x_wconf 91' lang='lat' dir='ltr'>historicis</span> <span class='ocrx_word' id='word_1_375' title='bbox 1081 3549 1211 3618; x_wconf 88' lang='lat' dir='ltr'>ostendit,</span> <span class='ocrx_word' id='word_1_376' title='bbox 1231 3548 1280 3604; x_wconf 91' lang='lat' dir='ltr'>sed</span> <span class='ocrx_word' id='word_1_377' title='bbox 1299 3549 1386 3603; x_wconf 91' lang='lat' dir='ltr'>etiarn</span> <span class='ocrx_word' id='word_1_378' title='bbox 1404 3549 1465 3619; x_wconf 88' lang='lat' dir='ltr'>ipse</span> 
     </span>
     <span class='ocr_line' id='line_1_40' title="bbox 314 3627 1466 3702; baseline 0.001 -21"><span class='ocrx_word' id='word_1_379' title='bbox 314 3643 359 3691; x_wconf 85' lang='lat' dir='ltr'>res</span> <span class='ocrx_word' id='word_1_380' title='bbox 377 3629 513 3682; x_wconf 84' lang='lat' dir='ltr'>tractatas</span> <span class='ocrx_word' id='word_1_381' title='bbox 532 3629 664 3682; x_wconf 86' lang='lat' dir='ltr'>narrandi</span> <span class='ocrx_word' id='word_1_382' title='bbox 682 3631 781 3685; x_wconf 91' lang='lat' dir='ltr'>modus</span> <span class='ocrx_word' id='word_1_383' title='bbox 800 3635 851 3700; x_wconf 87' lang='lat' dir='ltr'>(ex.</span> <span class='ocrx_word' id='word_1_384' title='bbox 867 3650 908 3702; x_wconf 89' lang='lat' dir='ltr'>gr.</span> <span class='ocrx_word' id='word_1_385' title='bbox 923 3631 952 3684; x_wconf 90' lang='lat' dir='ltr'>in</span> <span class='ocrx_word' id='word_1_386' title='bbox 966 3631 1136 3698; x_wconf 84' lang='lat' dir='ltr'>Germania).</span> <span class='ocrx_word' id='word_1_387' title='bbox 1166 3629 1206 3684; x_wconf 90' lang='lat' dir='ltr'>sic</span> <span class='ocrx_word' id='word_1_388' title='bbox 1219 3627 1347 3684; x_wconf 90' lang='lat' dir='ltr'>Materno</span> <span class='ocrx_word' id='word_1_389' title='bbox 1363 3627 1466 3684; x_wconf 91' lang='lat' dir='ltr'>seniori</span> 
     </span>
     <span class='ocr_line' id='line_1_41' title="bbox 315 3708 1465 3780; baseline 0 -18"><span class='ocrx_word' id='word_1_390' title='bbox 315 3708 461 3764; x_wconf 87' lang='lat' dir='ltr'>deuinctus</span> <span class='ocrx_word' id='word_1_391' title='bbox 481 3725 514 3763; x_wconf 90' lang='lat' dir='ltr'>ea</span> <span class='ocrx_word' id='word_1_392' title='bbox 533 3709 672 3779; x_wconf 89' lang='lat' dir='ltr'>amicitia,</span> <span class='ocrx_word' id='word_1_393' title='bbox 698 3728 770 3780; x_wconf 84' lang='lat' dir='ltr'>quae</span> <span class='ocrx_word' id='word_1_394' title='bbox 794 3713 828 3766; x_wconf 77' lang='lat' dir='ltr'>eri</span> <span class='ocrx_word' id='word_1_395' title='bbox 850 3711 1044 3767; x_wconf 87' lang='lat' dir='ltr'>communione</span> <span class='ocrx_word' id='word_1_396' title='bbox 1064 3726 1194 3764; x_wconf 91' lang='lat' dir='ltr'>sensuum</span> <span class='ocrx_word' id='word_1_397' title='bbox 1213 3710 1242 3764; x_wconf 92' lang='lat' dir='ltr'>et</span> <span class='ocrx_word' id='word_1_398' title='bbox 1260 3708 1465 3778; x_wconf 87' lang='lat' dir='ltr'>cogitationum</span> 
     </span>
     <span class='ocr_line' id='line_1_42' title="bbox 316 3787 1465 3860; baseline -0.001 -16"><span class='ocrx_word' id='word_1_399' title='bbox 316 3789 414 3858; x_wconf 89' lang='lat' dir='ltr'>oritur,</span> <span class='ocrx_word' id='word_1_400' title='bbox 435 3787 549 3856; x_wconf 87' lang='lat' dir='ltr'>Tacitus</span> <span class='ocrx_word' id='word_1_401' title='bbox 568 3789 597 3842; x_wconf 94' lang='lat' dir='ltr'>in</span> <span class='ocrx_word' id='word_1_402' title='bbox 615 3790 670 3845; x_wconf 90' lang='lat' dir='ltr'>hoe</span> <span class='ocrx_word' id='word_1_403' title='bbox 689 3789 802 3860; x_wconf 82' lang='lat' dir='ltr'>dialogo</span> <span class='ocrx_word' id='word_1_404' title='bbox 822 3794 915 3858; x_wconf 88' lang='lat' dir='ltr'>(quem</span> <span class='ocrx_word' id='word_1_405' title='bbox 933 3793 1091 3860; x_wconf 90' lang='lat' dir='ltr'>imperante</span> <span class='ocrx_word' id='word_1_406' title='bbox 1106 3788 1171 3844; x_wconf 86' lang='lat' dir='ltr'>Tito</span> <span class='ocrx_word' id='word_1_407' title='bbox 1191 3789 1325 3859; x_wconf 91' lang='lat' dir='ltr'>scriptum</span> <span class='ocrx_word' id='word_1_408' title='bbox 1345 3789 1465 3844; x_wconf 89' lang='lat' dir='ltr'>editum-</span> 
     </span>
     <span class='ocr_line' id='line_1_43' title="bbox 316 3869 1465 3941; baseline 0.002 -17"><span class='ocrx_word' id='word_1_409' title='bbox 316 3888 370 3941; x_wconf 92' lang='lat' dir='ltr'>que</span> <span class='ocrx_word' id='word_1_410' title='bbox 390 3885 449 3924; x_wconf 91' lang='lat' dir='ltr'>ssse</span> <span class='ocrx_word' id='word_1_411' title='bbox 468 3886 541 3923; x_wconf 89' lang='lat' dir='ltr'>nunc</span> <span class='ocrx_word' id='word_1_412' title='bbox 560 3872 625 3939; x_wconf 89' lang='lat' dir='ltr'>post</span> <span class='ocrx_word' id='word_1_413' title='bbox 649 3869 770 3926; x_wconf 89' lang='lat' dir='ltr'>Steinori</span> <span class='ocrx_word' id='word_1_414' title='bbox 792 3871 904 3926; x_wconf 86' lang='lat' dir='ltr'>lanseni</span> <span class='ocrx_word' id='word_1_415' title='bbox 928 3870 1110 3926; x_wconf 85' lang='lat' dir='ltr'>Weinkauffii</span> <span class='ocrx_word' id='word_1_416' title='bbox 1134 3887 1214 3924; x_wconf 87' lang='lat' dir='ltr'>curas</span> <span class='ocrx_word' id='word_1_417' title='bbox 1237 3870 1322 3941; x_wconf 86' lang='lat' dir='ltr'>plane</span> <span class='ocrx_word' id='word_1_418' title='bbox 1343 3871 1465 3941; x_wconf 87' lang='lat' dir='ltr'>constat)</span> 
     </span>
     <span class='ocr_line' id='line_1_44' title="bbox 316 3950 1467 4022; baseline -0.002 -14"><span class='ocrx_word' id='word_1_419' title='bbox 316 3952 412 4008; x_wconf 87' lang='lat' dir='ltr'>existit</span> <span class='ocrx_word' id='word_1_420' title='bbox 431 3951 558 4005; x_wconf 89' lang='lat' dir='ltr'>defensor</span> <span class='ocrx_word' id='word_1_421' title='bbox 577 3953 606 4004; x_wconf 89' lang='grc'>55</span> <span class='ocrx_word' id='word_1_422' title='bbox 627 3953 763 4020; x_wconf 89' lang='lat' dir='ltr'>patronus</span> <span class='ocrx_word' id='word_1_423' title='bbox 787 3951 841 4006; x_wconf 90' lang='lat' dir='ltr'>uiri</span> <span class='ocrx_word' id='word_1_424' title='bbox 859 3950 968 4019; x_wconf 88' lang='lat' dir='ltr'>dilecti,</span> <span class='ocrx_word' id='word_1_425' title='bbox 993 3969 1076 4021; x_wconf 89' lang='lat' dir='ltr'>quem</span> <span class='ocrx_word' id='word_1_426' title='bbox 1100 3951 1229 4022; x_wconf 87' lang='lat' dir='ltr'>(fortasse</span> <span class='ocrx_word' id='word_1_427' title='bbox 1249 3969 1311 4007; x_wconf 91' lang='lat' dir='ltr'>oum</span> <span class='ocrx_word' id='word_1_428' title='bbox 1332 3951 1467 4006; x_wconf 85' lang='lat' dir='ltr'>edidisset</span> 
     </span>
     <span class='ocr_line' id='line_1_45' title="bbox 316 4030 1467 4102; baseline -0.001 -16"><span class='ocrx_word' id='word_1_429' title='bbox 316 4032 477 4101; x_wconf 82' lang='lat' dir='ltr'>Thyestem)</span> <span class='ocrx_word' id='word_1_430' title='bbox 502 4045 558 4083; x_wconf 91' lang='lat' dir='ltr'>non</span> <span class='ocrx_word' id='word_1_431' title='bbox 582 4031 724 4085; x_wconf 89' lang='lat' dir='ltr'>desierunt</span> <span class='ocrx_word' id='word_1_432' title='bbox 747 4047 861 4102; x_wconf 85' lang='lat' dir='ltr'>carpere</span> <span class='ocrx_word' id='word_1_433' title='bbox 886 4033 1103 4102; x_wconf 84' lang='lat' dir='ltr'>suspectumque</span> <span class='ocrx_word' id='word_1_434' title='bbox 1125 4031 1242 4085; x_wconf 89' lang='lat' dir='ltr'>reddere</span> <span class='ocrx_word' id='word_1_435' title='bbox 1265 4030 1399 4086; x_wconf 88' lang='lat' dir='ltr'>maliuoli.</span> <span class='ocrx_word' id='word_1_436' title='bbox 1438 4033 1467 4086; x_wconf 92' lang='lat' dir='ltr'>et</span> 
     </span>
     <span class='ocr_line' id='line_1_46' title="bbox 316 4109 1466 4184; baseline 0.004 -20"><span class='ocrx_word' id='word_1_437' title='bbox 316 4111 399 4167; x_wconf 85' lang='lat' dir='ltr'>facile</span> <span class='ocrx_word' id='word_1_438' title='bbox 419 4110 601 4179; x_wconf 90' lang='lat' dir='ltr'>obseruatur,</span> <span class='ocrx_word' id='word_1_439' title='bbox 619 4127 675 4164; x_wconf 92' lang='lat' dir='ltr'>non</span> <span class='ocrx_word' id='word_1_440' title='bbox 694 4109 785 4167; x_wconf 89' lang='lat' dir='ltr'>solum</span> <span class='ocrx_word' id='word_1_441' title='bbox 804 4130 867 4167; x_wconf 90' lang='lat' dir='ltr'>curn</span> <span class='ocrx_word' id='word_1_442' title='bbox 886 4129 980 4168; x_wconf 88' lang='lat' dir='ltr'>amore</span> <span class='ocrx_word' id='word_1_443' title='bbox 999 4111 1135 4184; x_wconf 90' lang='lat' dir='ltr'>peculiari</span> <span class='ocrx_word' id='word_1_444' title='bbox 1151 4111 1300 4168; x_wconf 89' lang='lat' dir='ltr'>sedetiam</span> <span class='ocrx_word' id='word_1_445' title='bbox 1320 4129 1383 4168; x_wconf 90' lang='lat' dir='ltr'>curu</span> <span class='ocrx_word' id='word_1_446' title='bbox 1402 4130 1466 4169; x_wconf 88' lang='lat' dir='ltr'>oon-</span> 
     </span>
     <span class='ocr_line' id='line_1_47' title="bbox 317 4190 1466 4264; baseline 0 -15"><span class='ocrx_word' id='word_1_447' title='bbox 317 4195 380 4250; x_wconf 91' lang='lat' dir='ltr'>silio</span> <span class='ocrx_word' id='word_1_448' title='bbox 409 4194 530 4264; x_wconf 91' lang='lat' dir='ltr'>quodam</span> <span class='ocrx_word' id='word_1_449' title='bbox 558 4190 666 4262; x_wconf 88' lang='lat' dir='ltr'>dialogi</span> <span class='ocrx_word' id='word_1_450' title='bbox 694 4192 858 4262; x_wconf 89' lang='lat' dir='ltr'>scriptorem</span> <span class='ocrx_word' id='word_1_451' title='bbox 885 4199 1028 4252; x_wconf 85' lang='lat' dir='ltr'>uersatum</span> <span class='ocrx_word' id='word_1_452' title='bbox 1061 4211 1121 4248; x_wconf 90' lang='lat' dir='ltr'>esse</span> <span class='ocrx_word' id='word_1_453' title='bbox 1148 4193 1177 4248; x_wconf 91' lang='lat' dir='ltr'>in</span> <span class='ocrx_word' id='word_1_454' title='bbox 1210 4191 1388 4264; x_wconf 85' lang='lat' dir='ltr'>depingenda</span> <span class='ocrx_word' id='word_1_455' title='bbox 1420 4211 1466 4249; x_wconf 85' lang='lat' dir='ltr'>ex·</span> 
     </span>
     <span class='ocr_line' id='line_1_48' title="bbox 318 4273 1466 4345; baseline -0.001 -15"><span class='ocrx_word' id='word_1_456' title='bbox 318 4275 497 4344; x_wconf 87' lang='lat' dir='ltr'>ornandaque</span> <span class='ocrx_word' id='word_1_457' title='bbox 524 4273 645 4328; x_wconf 89' lang='lat' dir='ltr'>Materni</span> <span class='ocrx_word' id='word_1_458' title='bbox 672 4290 804 4343; x_wconf 86' lang='lat' dir='ltr'>persons,</span> <span class='ocrx_word' id='word_1_459' title='bbox 834 4276 911 4332; x_wconf 92' lang='lat' dir='ltr'>cuius</span> <span class='ocrx_word' id='word_1_460' title='bbox 936 4276 965 4330; x_wconf 91' lang='lat' dir='ltr'>et</span> <span class='ocrx_word' id='word_1_461' title='bbox 988 4276 1100 4330; x_wconf 91' lang='lat' dir='ltr'>domum</span> <span class='ocrx_word' id='word_1_462' title='bbox 1123 4275 1230 4329; x_wconf 87' lang='lat' dir='ltr'>faceret</span> <span class='ocrx_word' id='word_1_463' title='bbox 1253 4273 1346 4328; x_wconf 89' lang='lat' dir='ltr'>locum</span> <span class='ocrx_word' id='word_1_464' title='bbox 1370 4275 1466 4345; x_wconf 91' lang='lat' dir='ltr'>dispu-</span> 
     </span>
     <span class='ocr_line' id='line_1_49' title="bbox 318 4352 1465 4426; baseline 0.001 -16"><span class='ocrx_word' id='word_1_465' title='bbox 318 4354 433 4410; x_wconf 87' lang='lat' dir='ltr'>tationis</span> <span class='ocrx_word' id='word_1_466' title='bbox 462 4356 491 4408; x_wconf 89' lang='lat' dir='ltr'>et</span> <span class='ocrx_word' id='word_1_467' title='bbox 513 4371 563 4423; x_wconf 87' lang='lat' dir='ltr'>pro</span> <span class='ocrx_word' id='word_1_468' title='bbox 591 4352 702 4423; x_wconf 88' lang='lat' dir='ltr'>poetica</span> <span class='ocrx_word' id='word_1_469' title='bbox 731 4353 884 4409; x_wconf 86' lang='lat' dir='ltr'>orationem</span> <span class='ocrx_word' id='word_1_470' title='bbox 913 4356 1074 4426; x_wconf 90' lang='lat' dir='ltr'>recipiendo</span> <span class='ocrx_word' id='word_1_471' title='bbox 1102 4355 1237 4410; x_wconf 87' lang='lat' dir='ltr'>insereret</span> <span class='ocrx_word' id='word_1_472' title='bbox 1257 4356 1391 4424; x_wconf 88' lang='lat' dir='ltr'>opusculo</span> <span class='ocrx_word' id='word_1_473' title='bbox 1416 4373 1465 4411; x_wconf 92' lang='lat' dir='ltr'>suo</span> 
     </span>
     <span class='ocr_line' id='line_1_50' title="bbox 318 4431 1466 4508; baseline 0 -18"><span class='ocrx_word' id='word_1_474' title='bbox 318 4434 440 4491; x_wconf 88' lang='lat' dir='ltr'>alienam</span> <span class='ocrx_word' id='word_1_475' title='bbox 459 4434 611 4489; x_wconf 89' lang='lat' dir='ltr'>seeundum</span> <span class='ocrx_word' id='word_1_476' title='bbox 630 4434 699 4490; x_wconf 84' lang='lat' dir='ltr'>artis</span> <span class='ocrx_word' id='word_1_477' title='bbox 719 4435 900 4493; x_wconf 88' lang='lat' dir='ltr'>seueritatem</span> <span class='ocrx_word' id='word_1_478' title='bbox 918 4434 1094 4508; x_wconf 78' lang='lat' dir='ltr'>particulam.</span> <span class='ocrx_word' id='word_1_479' title='bbox 1122 4436 1218 4504; x_wconf 88' lang='lat' dir='ltr'>itaque</span> <span class='ocrx_word' id='word_1_480' title='bbox 1232 4436 1345 4505; x_wconf 89' lang='lat' dir='ltr'>praeter</span> <span class='ocrx_word' id='word_1_481' title='bbox 1363 4431 1466 4506; x_wconf 81' lang='lat' dir='ltr'>prinoi&#39;-</span> 
     </span>
     <span class='ocr_line' id='line_1_51' title="bbox 317 4515 1465 4588; baseline -0.002 -16"><span class='ocrx_word' id='word_1_482' title='bbox 317 4516 413 4587; x_wconf 85' lang='lat' dir='ltr'>palem</span> <span class='ocrx_word' id='word_1_483' title='bbox 430 4531 515 4587; x_wconf 84' lang='lat' dir='ltr'>quam</span> <span class='ocrx_word' id='word_1_484' title='bbox 534 4515 670 4572; x_wconf 83' lang='lat' dir='ltr'>tractauit</span> <span class='ocrx_word' id='word_1_485' title='bbox 688 4517 882 4587; x_wconf 88' lang='lat' dir='ltr'>quaestionem</span> <span class='ocrx_word' id='word_1_486' title='bbox 897 4517 982 4573; x_wconf 88' lang='lat' dir='ltr'>etiam</span> <span class='ocrx_word' id='word_1_487' title='bbox 997 4518 1051 4574; x_wconf 91' lang='lat' dir='ltr'>hoc</span> <span class='ocrx_word' id='word_1_488' title='bbox 1068 4516 1167 4573; x_wconf 84' lang='lat' dir='ltr'>Tacito</span> <span class='ocrx_word' id='word_1_489' title='bbox 1186 4515 1362 4588; x_wconf 89' lang='lat' dir='ltr'>propositum</span> <span class='ocrx_word' id='word_1_490' title='bbox 1379 4516 1465 4571; x_wconf 80' lang='lat' dir='ltr'>fuisse</span> 
     </span>
    </p>
   </div>
   <div class='ocr_carea' id='block_1_7' title="bbox 0 0 1664 5168">
    <p class='ocr_par' dir='ltr' id='par_1_7' title="bbox 0 0 1664 5168">
     <span class='ocr_line' id='line_1_52' title="bbox 0 0 1664 5168; baseline 0 0"><span class='ocrx_word' id='word_1_491' title='bbox 0 0 1664 5168; x_wconf 95' lang='lat' dir='ltr'> </span> 
     </span>
    </p>
   </div>
  </div>
 </body>
</html>
