3270 5168
570 405 751 460 DIALOGVS
771 405 800 460 C.
820 411 933 460 08-31.
1280 402 1321 465 31

183 574 217 638 in
230 573 390 638 'notitiam
409 571 462 636 uel
480 592 586 635 rerum
601 571 653 634 uel
666 569 835 636 hominurn
849 569 902 634 uel
915 572 1098 652 temporum
1113 567 1191 631 satis
1206 587 1323 649 operae

152 696 167 736 ⁵
183 680 369 763 insumitur,
393 678 448 743 sed
472 645 665 761 expetimtur
678 700 759 762 quos
773 677 921 761 rhetoras
936 678 1063 741 uocant.
1100 696 1235 760 quorum
1250 695 1322 756 pro·

180 787 294 872 fessio,
312 785 441 871 quando
455 785 594 869 primum
608 785 642 848 in
660 784 744 849 hanc
762 784 877 848 urbem
890 782 1115 866 introductast,
1138 803 1234 866 quam
1252 781 1328 843 nul--

181 895 249 960 lam
268 892 354 978 apud
368 892 506 957 maiores
520 894 650 957 nostros
665 891 890 957 auctoritatem
904 889 1054 954 habuerit
1068 909 1199 953 securus
1214 886 1325 951 statim

182 1002 320 1067 referam
351 1020 481 1066 necesse
510 1002 560 1064 est
582 998 726 1063 animum
754 997 794 1062 ad
822 1020 892 1063 eam
916 998 1132 1082 disciplinam,
1163 1017 1226 1080 qua
1248 1015 1324 1058 usos

184 1128 254 1172 esse
278 1129 332 1172 eos
356 1110 501 1172 oratores
525 1106 721 1190 accepimus,
744 1127 881 1189 quorum
904 1105 1048 1169 infinitus
1066 1104 1160 1168 labor
1174 1104 1207 1165 et
1220 1100 1325 1185 quoti-

142 1229 172 1268 10
187 1213 284 1278 diana
307 1214 476 1279 meditatio
500 1216 533 1278 et
555 1214 589 1278 in
613 1213 702 1278 omni
726 1232 842 1296 genere
866 1212 1045 1277 studiorum
1069 1208 1217 1274 assiduae
1240 1229 1325 1271 exer-

183 1321 351 1386 citationes
376 1321 523 1405 ipsorum
542 1320 641 1384 etiam
666 1319 871 1384 continentur
899 1318 1001 1382 libris.
1036 1320 1133 1382 notus
1158 1320 1208 1380 est
1230 1314 1325 1380 uobis

180 1429 291 1514 utique
306 1427 471 1494 Ciceronis
490 1429 573 1492 liber
592 1427 647 1510 qui
663 1425 784 1492 Brutus
806 1426 1007 1510 inscribitur,
1029 1425 1064 1489 in
1079 1424 1167 1489 cuius
1184 1425 1326 1502 extrcma

180 1539 273 1619 parte
296 1534 386 1620 (nam
405 1534 497 1617 prior
516 1533 855 1598 commemorationem
873 1535 1020 1597 ueterum
1035 1535 1198 1598 oratorum
1212 1527 1325 1612 habet)

181 1665 240 1706 sua
263 1642 370 1724 initia,
394 1662 471 1705 suos
495 1640 629 1724 gradus,
653 1661 729 1704 suae
748 1639 951 1724 eloquentiae
969 1639 1059 1704 uelut
1077 1637 1236 1723 quandam
1251 1627 1338 1700 edu?

141 1760 169 1799 1⁵
184 1748 346 1812 cationem
375 1747 486 1811 refert:
520 1768 590 1812 sese
618 1745 703 1830 apud
731 1746 768 1822 Q.
791 1746 935 1813 Mucium
966 1747 1018 1810 ius
1045 1745 1139 1810 ciuile
1167 1744 1325 1827 didicisse,

182 1853 267 1936 apud
282 1853 452 1918 Philonem
471 1852 714 1936 Academicum,
737 1852 821 1936 apud
845 1849 1020 1918 Diodotum
1044 1850 1188 1917 Stoicum
1212 1847 1324 1916 omn'es

179 1959 405 2044 philosophiae
428 1961 538 2044 partes
553 1959 682 2043 penitus
700 1958 847 2024 hausisse
866 1981 969 2045 neque
983 1959 1035 2024 his
1049 1958 1234 2026 doctoribus
1249 1981 1325 2024 con·

178 2069 319 2144 tentum,
342 2087 479 2151 quorum
498 2067 528 2131 ci
547 2066 641 2150 copia
659 2065 691 2130 in
707 2066 786 2131 urbe
802 2067 997 2152 contigerat,
1020 2065 1178 2133 Achaiam
1198 2087 1324 2151 quoque

179 2177 212 2237 et
234 2171 347 2237 Asiam
370 2193 575 2258 peragrasse,
603 2176 640 2236 ut
668 2194 798 2238 omnem
826 2173 971 2238 omnium
995 2174 1111 2238 artium
1135 2173 1326 2236 uarietatem

138 2291 167 2329 2⁰
181 2279 458 2364 complecteretur.
488 2279 596 2364 itaque
610 2279 741 2344 hercule
754 2281 788 2343 in
801 2280 894 2344 libris
909 2277 1073 2344 Ciceronis
1088 2279 1325 2362 deprehendere

181 2385 257 2449 licet
285 2407 352 2450 non
380 2385 590 2470 geometriae,
618 2408 685 2451 non
713 2386 869 2470 musicae,
895 2408 962 2451 non
989 2385 1234 2471 grammaticae,
1260 2407 1325 2451 non

182 2491 319 2576 denique
341 2491 437 2556 ullius
461 2492 619 2576 ingenuae
643 2493 723 2557 artis
748 2493 916 2558 scientiam
946 2493 975 2558 ei
998 2492 1146 2558 defuisse.
1182 2493 1237 2557 ille
1261 2492 1324 2557 dia-

178 2599 310 2663 lecticae
334 2598 562 2684 subtilitatem,
584 2599 639 2663 illc
662 2599 795 2665 moralis
810 2601 912 2684 partis
927 2602 1116 2686 utilitatem,
1138 2601 1194 2666 ille
1217 2623 1324 2666 rerum

178 2709 286 2771 motus
309 2727 489 2790 causasque
512 2710 719 2790 cognouerat.
760 2707 808 2772 ita
831 2712 881 2773 est
904 2709 1005 2792 enim,
1028 2709 1143 2794 optimi
1166 2709 1240 2792 uiri,
1263 2709 1323 2773 ita:

140 2832 165 2871 25
179 2833 216 2875 ex
250 2811 354 2875 multa
386 2811 565 2876 eruditione
596 2817 628 2877 et
655 2813 803 2896 plurimis
831 2815 954 2879 artibus
983 2819 1027 2904 et,
1042 2817 1186 2882 omnium
1216 2837 1323 2880 rerum

181 2918 316 2982 scientia
339 2916 482 2981 exundat
496 2920 529 2981 et
544 2919 697 2983 exuberat
710 2919 767 2984 illa
781 2919 984 2986 admirabilis
999 2921 1196 3005 eloquentia,
1219 2943 1324 3004 neque

180 3025 318 3090 oratoris
342 3024 393 3088 uis
417 3027 451 3088 et
471 3023 624 3110 facultas,
648 3026 731 3090 sicut
753 3027 909 3109 artificum
932 3031 1111 3093 ceterarum
1129 3050 1246 3111 rerum,
1270 3050 1323 3092 an-

180 3133 283 3217 gustis
303 3135 336 3196 ct
353 3130 509 3196 breuibus
524 3133 671 3198 terminis
687 3133 843 3218 cluditur,
866 3135 922 3201 sod
945 3136 972 3200 is
996 3139 1046 3202 est
1066 3140 1189 3220 orator,
1212 3134 1324 3220 quide

179 3239 267 3304 omni
290 3239 479 3324 quaestione
502 3240 637 3324 pulchre
662 3245 695 3305 et
717 3245 830 3307 ornate
854 3246 888 3307 et
909 3243 949 3308 ad
969 3245 1225 3328 persuadendum
1249 3246 1324 3327 apte

141 3347 282 3411 sodicere
313 3367 372 3429 pro
406 3346 566 3432 dignitate
596 3369 718 3432 rerum,
749 3348 789 3412 ad
819 3349 994 3415 utilitatem
1024 3355 1221 3437 temporum,
1251 3373 1323 3416 curn

179 3454 346 3538 uoluptate
362 3452 562 3518 audientium
576 3454 689 3537 possit.
725 3453 787 3520 hoc
802 3455 864 3520 sibi
878 3456 929 3521 illi
945 3461 1071 3522 ueteres
1087 3459 1372 3543 persuaserant,31

179 3561 218 3625 ad
241 3560 303 3625 hoc
322 3559 530 3626 efficiendum
543 3559 778 3645 intellegebant
796 3583 877 3646 opus
892 3585 962 3628 esse
976 3587 1043 3630 non
1057 3566 1142 3629 utin
1156 3564 1323 3631 rhetorum

247 3844 295 3900 110.
323 3851 339 3898 3
362 3842 496 3898 notitiam
519 3847 551 3896 ⁰:
574 3839 679 3896 notitia
702 3859 718 3901 ς
750 3845 759 3912 11
791 3850 807 3898 0
830 3847 935 3900 uocant
957 3850 996 3900 1:
1019 3846 1127 3902 uocatis
1150 3850 1223 3915 (cam
1239 3848 1323 3901 ucria

178 3925 287 3980 lectione
314 3925 428 3993 uocant)
451 3929 475 3976 10
506 3925 516 3992 11
549 3930 564 3977 0
593 3922 782 3978 introductast
808 3943 892 3994 quam
924 3927 1069 3984 Useucrus:
1096 3928 1259 3982 introducta
1286 3926 1324 3980 sit

177 4021 313 4075 quamque
333 4011 351 4058 0
370 4007 380 4075 11
399 4012 414 4060 1
434 4021 547 4059 securus
566 4002 664 4058 statim
682 4005 828 4062 Mciecrus:
853 4007 949 4062 statim
968 4010 1003 4063 dc
1022 4009 1106 4063 curiis
1126 4015 1144 4062 0
1164 4009 1322 4078 (decurrens

177 4088 203 4153 ς)
234 4087 244 4155 1
275 4093 292 4141 8
316 4101 372 4154 qua
393 4101 460 4138 usos
479 4101 508 4142 ςε
532 4101 587 4153 quo
607 4090 728 4139 ausoso
760 4088 769 4156 11
803 4093 835 4141 10
859 4089 1068 4144 exercitationis
1088 4095 1121 4157 0,
1145 4090 1261 4144 corremt
1279 4103 1296 4144 ς
1314 4081 1324 4153 11

180 4172 209 4219 11
228 4166 309 4222 uobis
328 4167 492 4221 Rhenanus:
511 4165 700 4234 1011110110
718 4167 805 4220 refert
822 4185 883 4223 sese
901 4187 960 4238 epo:
979 4171 1082 4224 referre
1102 4187 1132 4223 se
1150 4174 1169 4222 0
1189 4167 1275 4222 refert
1293 4185 1322 4221 se

177 4250 212 4316 ςΙ
228 4246 349 4302 mutium
368 4251 387 4300 0
406 4249 416 4316 1
436 4252 468 4300 10
489 4243 699 4299 achademicum
718 4250 737 4298 0
757 4249 798 4312 (ut
816 4253 928 4318 semper)
947 4253 953 4320 1
973 4250 1119 4305 diodorum
1141 4255 1172 4316 0,
1192 4265 1259 4304 corr.
1280 4264 1296 4306 ς
1314 4249 1323 4320 11

178 4332 208 4380 11
227 4327 272 4380 his
289 4332 330 4380 1:
349 4326 385 4380 iis
404 4332 428 4378 10
447 4329 456 4394 1
475 4331 509 4379 00
528 4325 641 4379 hercule
658 4331 699 4378 1:
718 4325 812 4381 hercle
831 4333 930 4399 101100
949 4330 1088 4400 ingenuae
1108 4328 1177 4383 artis
1195 4333 1234 4382 1:
1254 4327 1323 4382 artis

176 4405 314 4475 ingenuae
333 4405 525 4477 Rlisteltl
546 4404 1215 4481 110110111111110311111111111ωο00
1236 4410 1323 4464 Peerl-

177 4488 302 4555 kampius
319 4487 381 4574 1100
400 4487 457 4550 ista
474 4487 569 4554 10107
589 4485 727 4540 artificum
747 4489 846 4543 addidi
860 4492 865 4560 1
882 4491 1020 4559 angustiis
1039 4497 1066 4544 Ι
