3296 5168
425 432 716 489 COMMENTARIVS
736 433 900 489 ORI‘IICVS
921 436 949 489 C.
969 440 1056 491 3-5.
1272 437 1314 500 53

168 589 220 663 so,
237 595 392 650 moderatos
415 593 491 649 aliud
514 593 666 664 significat,
690 593 724 650 cf.
744 600 792 659 40,
811 601 845 648 22
869 595 949 650 mollo
972 595 1004 648 im
1025 595 1140 650 iudiciis
1157 595 1314 654 moderatio.

167 676 214 729 est
231 673 305 728 euim
324 675 474 743 momatur,
498 672 546 743 qui
568 675 682 729 modum
705 675 796 743 tenet,
819 675 874 728 hoc
897 675 952 740 est,
976 674 1043 743 quid
1063 675 1202 744 suscipere
1227 677 1318 745 possit

166 755 231 810 scit.
269 755 299 808 et
316 753 442 823 probitas
462 753 582 809 Secundi
599 754 629 808 in
648 772 681 810 so
700 755 822 810 cernitur
845 755 920 823 quod
938 756 970 809 ut
991 755 1137 823 poetarum
1158 755 1265 810 amicus
1284 775 1314 811 se

165 834 330 900 excusauit3
348 833 488 888 modestia
506 833 663 903 explicatur
681 835 773 889 uerbis
794 850 878 904 porro
900 836 925 888 si
945 835 1053 902 poetico
1075 840 1236 903 occosotm,
1258 852 1315 890 mom

164 911 355 975 elimmm'deo
373 930 448 967 reum
472 914 684 983 locupletiorem,
707 914 811 984 idest,
834 915 968 970 maiorem
993 913 1217 985 grauiorcmque3
1237 918 1267 970 et
1284 914 1314 970 in

166 1011 257 1050 eausa
272 995 333 1048 tam
351 992 461 1046 difficili
479 993 616 1062 iudIcare,
635 1011 748 1049 suarum
765 993 868 1048 uirium
887 1011 948 1049 csse
967 998 1053 1064 negat
1071 994 1220 1050 Secundus.

242 1080 274 1129 11
294 1078 318 1128 et
341 1088 388 1142 epo
411 1074 484 1128 enlm
506 1079 640 1142 quatemus
661 1075 797 1132 arbitram
820 1075 878 1128 litio
899 1076 982 1130 tolus
1004 1075 1129 1129 r'muemim'
1145 1091 1202 1129 mom
1215 1076 1314 1144 potior

165 1155 332 1209 Maternum
350 1153 475 1208 societate
490 1155 616 1222 plmium
634 1155 751 1220 defendi.
788 1154 832 1209 his
855 1156 888 1208 nt
905 1155 994 1209 uitam
1018 1155 1161 1225 redderet,
1180 1155 1314 1221 Pithoeus

164 1241 191 1289 et
211 1233 305 1288 deleto
325 1233 432 1301 (etenim
449 1248 496 1302 epo
515 1232 634 1287 Orellius
653 1233 764 1300 maluit)
784 1233 881 1288 imuems'
899 1232 1023 1289 restituit
1041 1235 1208 1303 (decemimus
1226 1252 1314 1304 nuper

163 1313 343 1382 Wagnerus).
390 1328 446 1380 qua
468 1310 608 1366 sententia
629 1311 671 1366 nil
697 1314 792 1382 potest
815 1330 874 1368 esse
902 1312 1000 1368 falsius
1027 1314 1254 1382 peruersiusque‚
1282 1317 1314 1368 ut

164 1397 244 1448 recte
262 1391 336 1446 uidit
358 1391 536 1446 Andresenus
560 1392 625 1463 [em.
644 1411 671 1462 p.
692 1393 764 1463 136}
810 1409 876 1447 nam
896 1411 959 1448 curn
978 1393 1133 1462 Secundus,
1153 1410 1236 1463 quem
1254 1394 1313 1448 Ma-

164 1477 263 1529 ternus
286 1472 413 1527 oblatum
436 1472 465 1526 in
488 1472 541 1527 hac
568 1471 618 1527 lite
645 1472 765 1527 iudicem
790 1474 911 1529 laetatus
935 1476 1008 1540 erat,
1031 1475 1084 1528 hoc
1108 1491 1207 1528 munus
1230 1474 1312 1544 plane

165 1552 328 1623 respuisset,
347 1552 488 1620 quomodo
501 1551 578 1622 Apro
591 1551 673 1608 licuit
686 1552 842 1608 exclamare
861 1557 995 1621 quatemus
1010 1553 1146 1607 arbitrum
1161 1554 1217 1607 lilia
1230 1555 1313 1608 teias

164 1633 282 1688 moeret?
318 1631 366 1686 hic
390 1632 463 1686 enim
481 1631 505 1687 si
523 1649 579 1686 non
598 1631 707 1702 accepit
723 1631 929 1688 excusationem
943 1632 1022 1686 illam
1041 1631 1224 1701 (Ribbeckius
1242 1651 1311 1690 mus.

165 1716 257 1770 Rhen.
276 1711 394 1767 XXVIII
411 1731 438 1782 p.
458 1715 530 1781 502),
552 1715 618 1767 ante
636 1711 730 1768 omnia
749 1711 870 1782 Secundi
888 1711 1076 1767 dubitationes
1096 1711 1248 1767 dissoluere
1267 1712 1313 1766 ds·

163 1794 241 1861 buit,
264 1809 353 1861 eoque
371 1790 462 1870 magis
485 1791 603 1860 quadis
626 1791 831 1861 quodammodo
855 1791 1003 1862 praeuenit
1021 1793 1091 1862 Apri
1108 1792 1313 1847 recusationem

164 1873 260 1930 uerbis
279 1877 424 1940 autemeam
442 1888 483 1926 me
507 1873 623 1927 iudicem
644 1873 721 1941 Aper
739 1876 849 1926 recuset.
887 1873 963 1926 certo
981 1871 1070 1942 igitur
1088 1871 1141 1928 scit
1160 1871 1311 1937 Secundus,

164 1971 195 2009 sc
213 1970 271 2009 non
288 1953 435 2023 acceptum
454 1951 488 2006 iri
505 1951 642 2008 arbitrum
656 1952 692 2007 ab
707 1954 796 2021 Apror
821 1953 850 2006 et
867 1951 914 2006 hic
932 1950 1005 2006 nihil
1018 1953 1088 2008 haec
1103 1953 1199 2008 omnia
1212 1969 1312 2008 curans

165 2033 343 2103 (Secundum)
371 2031 508 2086 arbitrum
534 2032 632 2086 imment
660 2031 762 2085 dixisse
790 2031 944 2086 censendus
972 2033 1035 2086 est?
1071 2033 1191 2088 coniecit
1218 2034 1312 2087 autem

164 2114 342 2168 Andrcsenus
360 2127 407 2181 epo
425 2112 509 2178 emim,
527 2111 774 2181 pertremuit.
792 2112 916 2166 immemiri
934 2110 1011 2184 <mom
1020 2111 1120 2185 poto),
1138 2129 1195 2167 mom
1207 2114 1311 2180 potior,

164 2213 219 2250 non
241 2194 392 2248 obseruans
411 2193 604 2247 conscientem
623 2191 696 2246 inter
715 2206 744 2244 se
764 2207 893 2246 sensuum
915 2191 1049 2246 ordinem.
1086 2207 1138 2246 nec
1157 2191 1232 2246 enim
1249 2207 1312 2260 prc-

164 2277 272 2344 ptcrea‚
292 2272 367 2342 quod
385 2271 490 2326 arbiter
508 2289 563 2326 non
578 2272 667 2338 adest,
686 2270 845 2324 Maternum
859 2287 876 2325 a
890 2272 989 2325 ceteris
1003 2270 1116 2326 defendi
1130 2272 1210 2325 uetat
1222 2271 1310 2339 Aper;

166 2354 216 2410 sed
234 2354 289 2408 hoc
306 2353 397 2422 ipsum
417 2351 483 2421 quia
501 2351 560 2406 fieri
579 2350 693 2406 omnino
712 2367 794 2420 posse
812 2352 911 2420 negat,
931 2349 995 2405 ideo
1014 2368 1066 2406 nce
1084 2351 1221 2406 arbitrum
1239 2351 1312 2405 inter
1347 2345 1350 2354 ’

166 2452 213 2490 cos
241 2433 362 2488 inueniri
391 2432 544 2488 contendit.
587 2432 680 2488 dicam
706 2431 752 2485 hic
779 2446 835 2484 uno
863 2430 949 2484 uerbo
974 2431 1008 2486 da
1032 2432 1156 2486 societole
1176 2431 1311 2500 plurium.

166 2513 276 2569 scilicet
293 2515 417 2582 plurium
435 2529 499 2568 cum
518 2512 640 2582 quodam
659 2512 821 2580 contemptu
839 2509 963 2579 positum
981 2512 1038 2567 fere
1059 2512 1163 2579 aequat
1181 2528 1312 2582 graecum

165 2595 222 2650 scio
241 2593 365 2660 moiloio;
385 2593 419 2648 ci.
436 2596 547 2664 praeter
566 2592 623 2647 alia
637 2592 758 2647 Senecae
777 2592 813 2646 ad
827 2591 958 2647 Heluium
979 2592 1015 2662 [c.
1032 2592 1077 2663 16]
1097 2591 1196 2647 uerba:
1214 2599 1313 2647 memte

165 2675 315 2729 moeimmm
338 2673 441 2728 saecoli
463 2674 580 2739 malum,
602 2673 791 2742 impudicitia,
819 2672 851 2724 im
869 2688 1011 2726 mamertem
1034 2673 1162 2741 pluriam
1185 2672 1335 2728 adduxit·

166 2756 262 2808 censet
284 2752 372 2822 igitur
395 2751 665 2826 Aper,⁴Maternum
688 2767 743 2806 non
768 2768 829 2806 csse
853 2768 938 2804 unum
963 2767 997 2804 ex
1020 2749 1130 2820 multis,
1154 2749 1202 2819 qui
1222 2751 1311 2806 causis

165 2831 283 2902 agendis
305 2833 426 2902 impares
449 2830 577 2902 poeticae
597 2832 739 2897 studeant,
763 2831 813 2885 sed
832 2832 882 2885 hos
904 2832 937 2884 ut
953 2833 1051 2885 natum
1071 2833 1209 2885 oratorem
1228 2831 1311 2899 longe

166 2927 310 2981 superare;
330 2911 430 2980 quodsi
452 2910 519 2966 talis
543 2911 628 2965 homo
652 2909 759 2964 leuiora
784 2909 865 2963 malit
887 2910 980 2964 studia
997 2911 1109 2980 poetica
1127 2910 1231 2976 colere,
1255 2926 1311 2963 non

166 2992 266 3047 debere
286 3008 350 3045 eum
368 2991 426 3046 ullo
449 2993 533 3045 modo
557 2991 612 3044 reio
635 2989 744 3044 πολλῶν
764 2989 868 3044 auxilio
888 2989 1014 3059 defendi,
1038 2987 1088 3057 qui
1106 3005 1161 3057 qua
1180 2988 1214 3042 de
1233 3004 1263 3040 re
1281 2987 1311 3040 in

166 3089 249 3130 causa
267 3070 319 3126 illa
337 3073 439 3141 agatur
452 3089 508 3126 non
526 3071 701 3142 intellegant.
735 3069 764 3124 et
776 3068 833 3123 iam
851 3069 913 3139 ipso
929 3070 1014 3125 uerbo
1033 3070 1144 3136 defendi
1163 3067 1311 3138 significat,

166 3153 307 3222 quodnam
335 3151 441 3206 arbiter
468 3169 502 3206 ex
529 3151 642 3206 illorum
668 3165 784 3204 numero
812 3151 940 3218 sumptus
967 3148 1103 3204 iudicium
1129 3147 1167 3201 sit
1195 3147 1309 3202 laturus.

166 3250 238 3288 nunc
262 3231 483 3300 contemplemur
510 3233 609 3286 totum.
656 3245 768 3283 securos
797 3245 856 3284 esse
885 3229 1017 3286 Saleium¹
1032 3230 1150 3283 Bassum
1174 3228 1310 3297 huiusque

166 3311 271 3368 similes
293 3315 443 3381 propterea
465 3311 544 3366 iubet
566 3312 641 3380 Aper
664 3309 739 3378 quod
763 3308 887 3363 omnium
910 3308 1025 3364 minime
1047 3309 1077 3361 in
1100 3309 1190 3378 ipsam
1213 3307 1312 3376 poesin

166 3393 328 3465 litigaturus
346 3392 384 3446 sit
401 3392 442 3458 (ct
460 3391 559 3460 quanti
576 3392 649 3444 hanc
668 3388 799 3443 aestImet
817 3388 876 3458 ipse
901 3405 923 3444 c.
945 3395 978 3443 10
1001 3389 1149 3456 declarat);
1176 3387 1230 3443 sibi
1252 3404 1310 3441 rem

167 3489 227 3529 esse
246 3489 309 3526 cnm
328 3488 384 3526 unc
403 3472 517 3540 soloque
536 3471 672 3538 Materno,
692 3468 801 3524 scilicet
813 3485 870 3523 non
883 3471 998 3538 propter
1017 3468 1109 3538 poesis
1125 3485 1248 3524 amorem
1263 3469 1312 3524 sed

168 3555 284 3624 propter
307 3552 411 3606 omissa
434 3550 528 3605 studia
551 3551 674 3606 oratoria
696 3549 825 3604 accusato
848 3548 968 3617 ideoque
991 3548 1021 3601 in
1045 3564 1129 3602 causa
1153 3548 1237 3617 plane
1256 3549 1310 3602 sin-

167 3634 260 3704 gulari
278 3634 399 3689 uersato.
433 3633 475 3687 est
489 3632 582 3685 autem
596 3630 644 3685 hic
657 3631 735 3685 locus
749 3625 873 3682 breuiter
891 3627 994 3696 agendi
1013 3628 1047 3681 de
1066 3627 1158 3681 uerbis
1178 3625 1311 3697 proximis

167 3713 206 3769 sic
224 3713 254 3768 in
274 3712 353 3768 codd.
373 3709 484 3767 traditis
502 3711 548 3765 sed
566 3711 656 3779 ipsam
673 3709 760 3764 solum
774 3709 851 3779 epod
868 3723 911 3762 eos
929 3723 1052 3776 aequom.
1081 3706 1227 3776 inquibus
1247 3725 1311 3762 con-

166 3795 301 3849 iecturam
320 3792 492 3860 temptantes
510 3791 554 3858 (ut
571 3790 647 3858 opud
661 3805 710 3843 reos
724 3787 858 3858 Lipsium‚
877 3789 954 3857 apud
972 3792 997 3841 ie
1010 3802 1158 3854 eoorpmam
1171 3786 1310 3840 Weissen-

166 3872 309 3940 bornium,
332 3871 409 3942 opud
431 3875 456 3924 te
474 3886 489 3924 o
508 3869 631 3924 Secunde
652 3866 801 3922 Meiserum
824 3868 1075 3936 Ribbeekiumque)
1094 3883 1190 3920 omnes
1209 3882 1226 3919 a
1243 3883 1310 3920 uero

166 3955 309 4008 aberrasse
336 3949 422 4005 euicit
445 3949 634 4014 Andresenus,
662 3948 739 4001 certa
762 3949 791 4002 et
814 3965 831 4002 a
854 3947 993 4002 sententia
1013 3945 1127 4015 quidem
1149 3946 1311 4001 indubitata

167 4030 362 4088 emendatione
387 4045 523 4099 reponens
547 4029 624 4096 opud
647 4032 672 4080 le
694 4042 850 4097 coorpmom.
887 4027 1017 4082 nimirum
1037 4043 1092 4081 non
1111 4027 1209 4081 aderat
1226 4026 1310 4080 iudex

167 4113 239 4168 alius
257 4128 343 4181 quam
362 4110 422 4180 ipse
440 4109 596 4176 Maternus,
619 4105 695 4176 apud
718 4124 802 4175 quem
824 4107 904 4162 litem
922 4106 1066 4162 intendere
1085 4105 1182 4161 liceret
1202 4105 1247 4176 (cf.
1268 4123 1308 4160 ex.

167 4211 206 4262 gr.
227 4191 341 4247 Catonis
360 4190 422 4245 dist.
442 4190 570 4256 111m,a
589 4203 701 4256 emaque
713 4202 777 4242 reus
795 4189 847 4242 labi
859 4189 910 4255 sis,
929 4189 1019 4257 e'psom
1033 4192 1058 4240 te
1074 4186 1164 4241 iudice
1182 4186 1309 4255 domme);

167 4275 196 4327 et
214 4272 250 4326 ad
269 4273 343 4325 hunc
361 4269 464 4340 derigit
478 4270 552 4339 Aper
566 4267 773 4323 accusationem
785 4271 873 4338 longa
887 4277 963 4336 quae
972 4267 1029 4321 iam
1044 4284 1066 4321 c.
1082 4271 1171 4321 t-ro
1185 4265 1309 4334 sequitur

168 4352 302 4408 oratione.
336 4349 437 4421 quibus
455 4349 497 4404 Ita
515 4367 543 4404 sc
562 4348 730 4404 habentibus
744 4365 811 4401 num
829 4348 985 4418 praefracte
1000 4363 1103 4416 negare
1118 4346 1212 4416 potuit
1224 4345 1308 4413 idem,

168 4432 305 4488 arbitrum
322 4430 381 4486 litis
399 4429 481 4484 huius
505 4445 561 4483 non
579 4427 716 4482 inueniri?
753 4426 801 4496 qui
825 4428 878 4483 etsi
900 4427 974 4482 inter
991 4429 1089 4497 poetas
1108 4427 1308 4495 poetarumque

169 4514 281 4584 amicos,
300 4515 331 4566 ut
350 4513 411 4567 erat
427 4527 480 4578 res,
500 4525 565 4564 saue
583 4525 639 4562 non
659 4507 761 4578 extitit,
779 4509 810 4561 at
827 4508 917 4578 ipsum
936 4509 1031 4566 tamen
1049 4507 1206 4564 Mutamum
1226 4505 1260 4560 dc
1279 4523 1308 4564 se
