3296 5168
449 384 742 442 COMMENTARIVS
762 384 927 442 ORITICVS
947 385 975 440 (l.
996 387 1110 442 30ss31.
1317 389 1358 454 87

201 550 328 619 (scilicet
353 547 463 616 infesti,
492 546 586 617 cupidi
615 547 696 616 eqs.);
725 545 834 600 librarii
863 545 1007 602 inferendo
1031 548 1181 604 aerioma
1207 547 1238 602 in
1266 549 1360 605 locum

199 631 338 686 nimirum
361 630 396 682 de
420 629 531 683 oratore
555 627 700 695 agentem,
724 625 790 680 dum
813 627 968 696 neglegunt
991 626 1030 681 sic
1054 628 1137 697 plane
1161 629 1305 684 obscurari
1331 634 1360 685 et

200 709 344 781 supprimi
368 709 517 763 uerborum
541 706 569 761 in
598 707 653 760 fine
675 705 829 776 positorum
852 705 910 760 uim
936 707 967 761 in
989 707 1052 777 ipsa
1075 707 1198 778 imagine
1226 708 1357 779 positam.

201 793 313 860 quanto
337 785 451 844 suanias
474 783 676 861 uenustiusque
699 787 850 857 persistens
875 786 905 840 in
931 787 980 841 uia
1007 790 1108 857 coepta
1135 789 1254 857 scriptor
1281 790 1360 846 dedit

201 871 347 926 adhibebit
369 886 483 925 mamam
506 873 530 922 et
554 869 713 936 temperabit
734 868 879 932 ratioaem,
906 867 959 921 hoc
983 871 1038 937 est,
1061 885 1111 939 pro
1131 869 1240 938 aegroti
1259 872 1360 925 natura

116 962 125 973 ·
202 949 365 1020 adplicabit
382 949 524 1004 medelam
543 949 588 1017 (cf.
608 947 693 1016 Verg.
713 947 813 1016 Georg.
832 946 871 1000 Ill
890 952 943 1002 455
966 949 1083 1004 medieas
1105 951 1232 1006 adbibere
1249 957 1359 1023 mamas)

123 1041 127 1048 “
203 1035 353 1100 artemque
376 1031 464 1100 reget.
501 1027 619 1082 rationis
639 1029 732 1082 autem
751 1027 933 1094 uocabulum,
957 1029 990 1081 ut
1007 1029 1042 1082 de
1062 1029 1187 1084 omnium
1205 1048 1298 1086 rerum
1317 1032 1358 1087 di·

202 1111 341 1183 sciplinis,
361 1111 402 1166 ita
421 1109 455 1164 de
474 1111 535 1163 arte
553 1125 667 1178 quoquc
683 1107 844 1162 medicinali
862 1110 1013 1178 usurpatur
1033 1111 1164 1178 (curandi
1181 1115 1254 1168 ratic
1272 1114 1360 1169 habet

126 1199 138 1218 ⁸
203 1191 305 1248 Celsus
324 1191 353 1246 in
373 1189 567 1261 praefatione).
595 1189 691 1257 pulcre
712 1189 806 1242 autem
825 1187 865 1243 sic
883 1187 957 1244 ratio
977 1195 1006 1244 ct
1024 1207 1090 1245 usus
1109 1190 1162 1246 sibi
1180 1193 1357 1263 respondent.

203 1303 241 1314 -
265 1269 415 1326 fluctuanti
437 1270 511 1324 inter
533 1268 668 1323 lectiones
687 1270 874 1338 postulauerit
897 1272 926 1324 et
948 1271 1104 1338 postulabit
1126 1272 1223 1327 eximit
1248 1273 1358 1328 dubita-

203 1353 312 1407 tionem
336 1351 366 1405 id
390 1351 465 1421 quod
493 1348 636 1404 antecedit
663 1349 807 1404 dicendam
836 1349 974 1404 babuerit:
1008 1351 1054 1405 hic
1083 1368 1195 1422 quoque
1224 1352 1358 1409 orationis

205 1432 395 1502 aequabilitas
413 1449 510 1486 uerum
529 1428 673 1500 patefacit.

280 1519 315 1570 24
334 1515 411 1582 apud
428 1513 476 1566 boa
494 1511 597 1566 dedisse
615 1525 725 1578 operam
743 1510 901 1565 dialecticae
919 1512 1053 1578 proficiet.
1090 1511 1192 1567 mirum
1212 1516 1256 1569 est
1274 1516 1357 1584 quod,

207 1613 273 1651 cum
298 1591 400 1648 deinde
424 1591 551 1660 singulae
574 1589 806 1660 philosophorum
830 1591 921 1645 sectae
948 1591 1052 1645 oratori
1075 1591 1104 1646 in
1132 1592 1250 1662 singulis
1275 1596 1358 1650 rebus

206 1677 371 1748 profuturae
389 1672 555 1728 nominatim
574 1669 763 1742 appellentur,
786 1671 817 1726 in
838 1671 898 1726 sola
916 1671 1066 1727 dialectica
1084 1690 1140 1728 non
1160 1690 1358 1732 commemora-

205 1760 265 1823 tur,
291 1773 309 1809 a
337 1753 437 1822 quibus
466 1768 500 1805 ea
526 1750 586 1822 peti
614 1751 723 1806 debeat.
765 1767 856 1822 neque
885 1751 958 1806 enim
983 1753 1064 1807 erant
1091 1753 1167 1808 illius
1193 1755 1357 1826 disciplinae

205 1834 336 1905 magistri
363 1827 426 1887 κατ’
453 1827 554 1901 ἒξοχήν
578 1829 679 1898 Stoici,
707 1831 756 1886 sed
779 1848 835 1886 non
857 1830 948 1886 minus
977 1832 1046 1887 clari
1075 1834 1133 1890 eius
1161 1839 1357 1908 praeceptores

205 1912 395 1984 Peripatetici.
442 1912 498 1965 huc
528 1910 637 1965 accedit
667 1910 830 1981 ambiguum
859 1929 943 1981 quam
968 1915 1089 1970 maxime
1118 1917 1229 1972 dicendi
1256 1935 1355 1987 genus:

206 1997 283 2064 apud
303 1995 421 2063 aliquem
440 2008 547 2061 operam
568 1992 634 2046 dare
653 1993 811 2048 dialecticae
830 1993 871 2048 ita
890 1994 934 2047 est
950 1993 1070 2053 latinum
1087 1997 1121 2050 ut
1133 1997 1229 2051 ualeat
1249 1997 1357 2065 ‘aliquo

205 2079 353 2144 tamquam
377 2073 548 2128 dialecticae·
564 2070 699 2142 magistro
725 2072 788 2128 uti'.
830 2091 865 2128 nc
889 2073 1000 2128 dubites
1022 2072 1200 2144 igitnrrquin
1225 2077 1255 2130 id
1281 2079 1356 2145 quod

206 2155 321 2212 Tacitus
349 2151 460 2224 scripsit
488 2153 564 2222 apud
591 2152 697 2206 Stoicos
723 2153 909 2222 deprecatum
932 2151 969 2206 sit
991 2170 1008 2208 a
1035 2154 1157 2210 librariis
1187 2157 1356 2225 praecedens

205 2237 277 2292 illud
296 2237 374 2305 apad
391 2250 458 2304 qaae
473 2235 506 2288 et
520 2232 689 2301 subsequens
704 2231 741 2288 ad
754 2234 802 2288 bos
816 2235 1017 2302 permoaeadcs
1032 2250 1118 2303 praue
1132 2235 1355 2304 respicientibus.
1439 2231 1444 2241 '

278 2323 311 2372 32
339 2331 423 2385 aeque
450 2314 522 2368 caim
554 2313 704 2381 sapientem
731 2313 913 2380 informamus
941 2330 989 2367 aec
1020 2313 1175 2369 Stoicorum
1207 2317 1355 2371 ciuitatem.

206 2397 316 2466 spectat
335 2411 390 2449 uox
408 2393 533 2456 errimad
553 2409 586 2446 ea
605 2407 675 2460 quae
694 2394 778 2447 antea
795 2393 936 2447 habentur
954 2393 1141 2453 mataabimm
1156 2396 1185 2450 et
1203 2397 1309 2450 dabaat
1328 2398 1357 2451 et

207 2492 342 2531 assumere
365 2476 394 2530 et
418 2475 476 2528 atii
504 2473 570 2527 ‘non
589 2472 819 2542 ingurgitandum
838 2473 906 2538 est',
930 2472 1024 2542 inquit
1041 2470 1174 2542 Messala,
1200 2475 1241 2529 ‘in
1263 2475 1355 2546 philo-

207 2545 348 2626 sophiam,
368 2558 400 2609 ut
418 2553 479 2609 ueri
492 2552 617 2621 merique
632 2553 783 2607 euadamus
800 2552 975 2622 philosophi,
994 2553 1043 2608 ssd
1061 2553 1182 2624 ingenua
1202 2556 1261 2611 eius
1281 2573 1355 2611 com-

205 2636 332 2706 paranda
360 2634 498 2689 scientia'.
544 2651 612 2688 nam
639 2633 672 2685 ut
699 2633 782 2686 docet
810 2633 932 2703 primum
959 2634 1115 2689 membrum
1146 2639 1224 2704 apad
1251 2637 1356 2692 Stoicos
1468 2645 1469 2648 ’

206 2733 338 2786 operam
361 2715 492 2770 dedisse
515 2715 686 2780 dialecticae,
710 2714 795 2768 etiam
818 2715 847 2768 in
871 2713 929 2768 illis
952 2717 1089 2784 mataari,
1112 2715 1192 2783 dare,
1212 2733 1355 2788 accurrere,

205 2800 249 2852 ati
268 2795 393 2866 cogitare
412 2794 546 2850 debemus
566 2795 600 2848 de
620 2809 666 2860 eo,
686 2794 735 2861 qui
752 2793 844 2849 fontes
861 2793 936 2863 ipsos
952 2794 1023 2849 adiit
1037 2795 1226 2871 cognouitque
1245 2800 1274 2852 et
1292 2817 1354 2867 pro·

206 2878 275 2948 priis
302 2867 405 2931 studiis
424 2874 525 2943 habet,
552 2873 576 2928 si
599 2890 668 2944 opus
693 2876 747 2942 est,
774 2892 844 2942 quae
867 2875 933 2932 inde
958 2876 1076 2945 promat.
1115 2877 1236 2931 multum
1259 2881 1354 2934 autem

205 2958 326 3013 interest
347 2956 422 3010 inter
445 2956 517 3010 hanc
540 2953 685 3010 liberalem
708 2955 827 3010 alicuius
846 2953 915 3009 artis
935 2954 1079 3009 scientiam
1104 2956 1133 3009 et
1152 2971 1212 3010 eam
1232 2973 1288 3024 qua
1306 2960 1355 3027 qui

207 3039 297 3092 artem
320 3036 488 3107 profitentur
511 3034 640 3089 instructi
663 3039 735 3090 sunt.
772 3037 796 3090 is
819 3035 906 3106 igitur
929 3035 978 3104 qui
1005 3035 1255 3105 Peripateticorum
1282 3040 1354 3094 Aca-

207 3117 379 3173 demicorum
398 3115 598 3186 Epicureorum
616 3116 724 3185 placita
737 3116 856 3172 sustinet
872 3117 1024 3184 haurire,
1044 3115 1145 3170 existet
1164 3117 1275 3188 sapiens
1294 3118 1353 3174 siue

205 3197 402 3268 philosophus,
422 3197 471 3264 qni
490 3195 600 3266 penitus
618 3190 751 3268 'percepit
774 3196 952 3252 dialecticam
976 3195 1134 3250 Stoicorum
1156 3200 1286 3266 (quorum
1305 3215 1353 3268 pe-

207 3278 320 3333 culiaris
338 3277 372 3331 fit
390 3275 618 3332 commemoratio
637 3281 798 3347 propterea,
817 3277 893 3346 quod
912 3276 1077 3344 disciplinae
1096 3276 1263 3333 dialecticae
1281 3278 1354 3334 ratio

205 3361 249 3414 est
272 3357 384 3412 diuersa
408 3375 425 3412 a
448 3357 547 3412 ceteris
571 3357 671 3412 studiis
696 3357 923 3427 philosophicis),
948 3356 972 3410 is
998 3357 1112 3424 quinam
1135 3357 1249 3414 exiliat?
1292 3359 1352 3429 ipse

205 3442 274 3510 puto
298 3437 366 3492 artis
391 3434 557 3492 dialecticae
580 3437 714 3507 magister
738 3439 797 3492 siue
821 3436 999 3503 dialecticus;
1023 3438 1052 3490 et
1074 3437 1150 3492 hunc
1172 3440 1206 3492 ut
1224 3440 1274 3494 sub
1294 3456 1352 3494 cor-

205 3519 290 3589 rupta
313 3533 382 3571 uoce
407 3517 546 3572 ciuitatem
569 3517 658 3572 latere
682 3517 817 3585 statuam,
841 3515 1034 3587 perpensitata
1057 3516 1160 3572 acriter
1182 3519 1273 3575 Taciti
1292 3539 1353 3575 sen·

205 3599 295 3654 tentia
318 3598 404 3667 cogit.
445 3616 510 3653 nam
534 3597 605 3652 nihil
628 3598 658 3652 in
680 3597 734 3652 hoc
757 3598 819 3652 loco
842 3597 984 3668 profecere
1008 3597 1115 3666 priores
1138 3597 1198 3652 siue
1220 3600 1353 3655 contortis

206 3677 440 3748 explicationibus
460 3679 517 3732 siue
537 3677 665 3734 infaustis
685 3677 851 3733 coniecturis
871 3678 968 3746 (amem
986 3675 1179 3745 Doederlinus,
1197 3683 1353 3734 sectatorem

205 3759 340 3828 Iosephus
362 3757 521 3826 Tischerus,
541 3760 658 3828 aliquem
676 3757 862 3825 Andresenns,
882 3757 1002 3811 comitem
1020 3754 1172 3823 Vahlenus,
1191 3758 1223 3810 ut
1240 3757 1352 3812 mittam

206 3838 363 3908 Hauptium
382 3839 563 3905 informamus
582 3838 750 3904 Stoicorum,
768 3839 814 3892 sed
832 3854 892 3892 eam
910 3837 1112 3907 proponentem
1131 3834 1256 3904 aliosque
1275 3837 1351 3908 alia).

277 3919 378 3973 Restat
400 3921 432 3972 ut
451 3917 637 3988 disquiramus
661 3917 733 3971 sitne
759 3935 821 3972 cum
838 3922 867 3970 ll
885 3917 1075 3987 recipiendum
1094 3932 1178 3985 aecae
1196 3949 1229 3957 -
1248 3935 1297 3973 aec
1315 3936 1352 3974 an

205 4016 291 4069 aecae
311 4030 342 4038 —
362 4015 447 4068 neque
471 4016 532 4053 cum
556 4004 586 4053 a.
630 4015 712 4066 quem
737 4017 818 4052 usum
841 3997 917 4068 apud
940 3997 1101 4052 Ciceronem
1124 3996 1247 4066 aliosque
1266 3999 1351 4053 inter-

206 4080 273 4134 dum
292 4096 337 4133 me
356 4079 505 4134 obseruare
523 4077 651 4147 memini,
670 4078 719 4132 ubi
736 4079 813 4148 prior
830 4077 969 4147 particula
985 4094 1089 4132 nouum
1108 4077 1284 4132 enuntiatum
1302 4079 1351 4132 ad-

205 4161 302 4215 nectat
320 4159 507 4229 praecedenti,
528 4157 701 4214 altera-noui
725 4158 863 4213 enuntiati
885 4160 978 4228 partes
1001 4157 1075 4211 inter
1098 4174 1128 4212 se
1147 4159 1287 4228 conectat,
1310 4159 1350 4213 ibi

205 4241 354 4296 adnectere
378 4256 474 4308 aeque,
499 4241 644 4294 conectere
667 4255 727 4293 nec:
761 4255 825 4291 eum
848 4255 927 4310 usnnp
950 4235 1066 4291 Tacitus
1089 4255 1199 4309 quoque
1226 4239 1351 4309 sequitur

206 4337 229 4374 c.
254 4325 289 4374 24
312 4337 396 4389 aeque
418 4321 491 4374 emim
513 4311 677 4386 discrimem
701 4318 876 4387 catiqacram
899 4318 1033 4389 eripimus
1055 4335 1103 4374 aec
1126 4337 1284 4389 quemquam
1299 4362 1305 4374 .
1321 4365 1326 4377 .
1343 4336 1371 4375 .·

205 4417 402 4470 comparamus.

134 4503 143 4516 ·
204 4499 208 4502 ·
277 4487 310 4535 33
330 4482 378 4553 qai
402 4481 534 4552 acaedam
562 4485 634 4536 artes
657 4482 755 4536 audire
782 4495 872 4535 cama
899 4479 1047 4534 liberaliter
1074 4480 1156 4537 debet.
1203 4479 1350 4536 sanissima
