3270 5168
347 448 392 512 42
866 445 985 500 TAClTl

347 617 462 678 nostra
489 636 618 698 quoque
645 612 774 694 ciuitas,
806 612 907 676 donec
935 610 1068 694 errauit,
1100 610 1200 676 donec
1228 631 1262 674 se
1289 609 1455 694 partibus
1499 615 1545 674 et
1561 630 1590 667 20

348 721 604 785 dissensionibus
628 723 661 784 et
684 717 851 783 discordiis
874 715 1027 800 confecit,
1050 716 1151 782 donec
1173 717 1263 780 nulla
1286 715 1349 780 fuit
1367 717 1401 779 in
1437 716 1542 781 foro

348 852 427 914 pax,
454 829 545 892 nulla
571 828 605 891 in
633 830 748 891 senatu
776 825 959 905 concordia,
987 824 1077 888 nulla
1103 824 1138 888 in
1160 823 1285 888 iudiciis
1308 823 1540 909 moderatio,

347 929 438 1000 nulla
475 941 676 1019 superiorum
713 932 908 1016 reuerentia,
943 931 1052 994 nullus
1089 930 1339 1014 magistratuum
1372 931 1538 1014 moduS,

348 1042 425 1107 tulit
459 1042 528 1106 sine
562 1039 660 1104 dubio
693 1039 905 1104 ualentiorem
939 1036 1169 1122 eloquentiam,
1203 1037 1286 1101 sicut
1317 1036 1534 1104 indomitus
1626 1058 1627 1152 q

348 1170 427 1234 eger
450 1147 551 1212 babet
573 1146 730 1231 quasdam
753 1145 871 1209 herbas
894 1143 1054 1210 laetiores.
1100 1142 1156 1207 sed
1179 1166 1237 1209 nec
1260 1143 1344 1208 tanti
1366 1145 1414 1208 rei
1446 1169 1530 1230 pu·
1549 1161 1581 1199 2⁵
1626 1155 1627 1194 l

348 1255 452 1320 blicae
477 1252 696 1318 Gracchorum
721 1251 908 1335 eloquentia
930 1249 1000 1333 fuit,
1024 1253 1062 1313 ut
1080 1253 1246 1334 pateretur
1265 1254 1298 1314 et
1315 1252 1413 1336 leges,
1443 1245 1530 1318 nec
1626 1303 1627 1370 l

298 1364 429 1440 41bene
453 1363 574 1426 famam
598 1359 800 1443 eloquentiae
815 1355 927 1422 Cicero
942 1357 1001 1421 tali
1016 1356 1102 1420 exitu
1117 1357 1275 1440 pensauit
1308 1359 1353 1423 sic
1369 1380 1526 1443 quoque
1626 1383 1627 1416 2

351 1469 438 1555 quod
462 1470 609 1551 superest
632 1465 756 1549 antiqui
780 1463 963 1530 oratoribus
978 1463 1094 1528 horum
1109 1469 1285 1548 temporum,
1307 1486 1374 1529 non
1389 1487 1524 1530 emen·
1626 1447 1627 1458 ἵ

349 1577 445 1639 datae
468 1595 527 1638 nec
550 1596 651 1659 usque
676 1573 716 1638 ad
739 1576 852 1637 uotum
880 1571 1078 1654 compositae
1102 1571 1244 1635 ciuitatis
1268 1575 1519 1657 argumentum

351 1683 410 1744 est.
448 1680 520 1763 quis
544 1681 629 1744 enim
652 1701 712 1743 nos
737 1679 875 1743 aduocat
897 1678 961 1742 uisi
981 1680 1038 1742 aut
1050 1699 1170 1742 nocens
1187 1681 1243 1743 aut
1256 1677 1377 1742 miser?
1409 1680 1516 1762 quod

349 1786 559 1868 municipium
586 1787 621 1850 in
649 1787 832 1850 clientelam
860 1788 1005 1849 nostram
1033 1785 1123 1848 uenit
1144 1785 1209 1880 nisi
1231 1784 1316 1869 quod
1341 1788 1397 1848 aut
1419 1785 1514 1850 uici·
1548 1809 1562 1848 5

347 1915 408 1956 nus
436 1892 575 1975 populus
605 1894 662 1955 aut
685 1891 860 1956 domestica
888 1890 1048 1955 discordia
1071 1891 1198 1977 agitat?
1244 1913 1340 1974 quam
1364 1892 1510 1974 prouin-

347 2000 431 2065 ciam
454 2002 583 2062 tuemur
606 1997 669 2061 nisi
685 1997 859 2080 spoliatam
873 1997 1111 2081 uexatamque‘?
1143 1997 1233 2082 atqui
1249 1998 1364 2062 melius
1378 1997 1509 2063 fuisset

347 2127 414 2171 non
442 2105 511 2169 ficri
542 2126 639 2188 quam
666 2102 832 2168 uindicari.
883 2101 969 2186 quod
997 2101 1024 2166 si
1052 2102 1253 2167 inueniretur
1281 2103 1391 2189 aliqua
1414 2105 1505 2170 ciui-

346 2217 410 2297 tas,
433 2213 468 2276 in
494 2234 557 2296 qua
579 2232 674 2275 nemo
696 2213 857 2294 peccaret,
886 2230 1104 2292 superuacuus
1127 2212 1212 2274 esset
1234 2209 1320 2274 inter
1342 2211 1504 2276 innocen-

346 2323 396 2385 tes
425 2323 548 2402 orator,
577 2319 665 2382 sicut*
687 2317 771 2381 inter
800 2338 897 2382 sanos
925 2315 1076 2380 medicus.
1126 2338 1190 2400 quo
1218 2317 1314 2382 modo
1344 2316 1501 2384 uidelicet
1519 2343 1547 2381 ιο
1622 2346 1623 2380 l

290 2431 294 2440 ’
351 2426 521 2491 minimum
544 2429 622 2490 usus
646 2424 877 2506 minimumque
900 2424 1063 2506 profectus
1087 2445 1139 2488 ars
1163 2423 1321 2488 medentis
1339 2423 1439 2489 habet
1458 2425 1498 2490 in

348 2533 387 2597 iis
412 2531 578 2616 gentibus,
603 2552 684 2615 quae
706 2530 893 2594 firmissima
916 2530 1093 2594 ualitudine
1116 2551 1154 2594 ac
1178 2530 1399 2595 saluberrimis
1423 2552 1497 2595 cor-

347 2638 479 2721 poribus
512 2640 660 2720 utuntur,
698 2637 744 2701 sic
777 2636 883 2700 minor
920 2639 1084 2701 oratorum
1120 2637 1226 2703 honor
1264 2638 1495 2722 obscuriorque

312 2789 317 2802 .
348 2744 455 2828 gloria
478 2746 528 2809 est
551 2743 637 2807 inter
660 2741 763 2807 bonos
787 2763 893 2806 mores
919 2745 951 2806 et
973 2742 1006 2808 in
1026 2743 1215 2827 obsequium
1233 2745 1378 2828 regentis
1397 2767 1494 2828 para-

346 2856 407 2917 tos.
457 2850 533 2937 quid
561 2851 645 2914 enim
674 2872 756 2934 opus
784 2853 833 2915 est
865 2851 972 2936 longis
1000 2851 1034 2915 in
1063 2854 1177 2916 senatu
1206 2851 1386 2936 sententiis,
1418 2874 1492 2916 cum
1510 2877 1538 2916 15

351 2959 466 3044 optimi
490 2959 555 3024 cito
579 2943 807 3024 consentiant?
846 2958 921 3042 quid
945 2941 1056 3024 multi’s
1080 2959 1166 3042 apud
1189 2959 1344 3042 populum
1369 2960 1491 3025 contio-

345 3067 455 3150 nibus,
482 3088 556 3131 eum
584 3065 623 3128 de
650 3087 685 3128 re
711 3064 842 3146 publica
868 3085 935 3128 non
963 3064 1104 3147 imperiti
1132 3066 1281 3130 etmulti
1305 3065 1491 3150 deliberent,

346 3173 401 3238 sed
426 3171 683 3257 sapientissimus
708 3172 741 3234 et
763 3170 869 3233 unus?
907 3171 983 3255 quid
1006 3171 1198 3237 uoluntariis
1223 3173 1489 3256 accusationibus,
1533 3225 1537 3228 .

346 3301 418 3343 cum
441 3281 510 3342 tam
533 3297 608 3342 raro
632 3280 664 3341 et
686 3281 755 3341 tam
778 3299 873 3360 parce
896 3279 1069 3361 peccetur?
1101 3279 1177 3363 quid
1199 3279 1368 3345 inuidiosis
1387 3283 1420 3344 et
1438 3303 1489 3345 cx-

346 3385 532 3450 cedentibus
556 3383 688 3454 modum
711 3383 965 3468 defensionibus,
988 3406 1060 3449 cum
1080 3386 1251 3452 clementia
1265 3387 1490 3471 cognoscentis
1504 3411 1533 3450 20
1626 3430 1627 3485 q

346 3490 477 3556 obuiam
504 3489 763 3575 periclitantibus
792 3491 868 3555 eat?
913 3491 1045 3578 credite,
1073 3493 1188 3578 optimi
1216 3497 1249 3558 et
1275 3494 1489 3578 inquantum

345 3673 557 3682 ..-.-....
1626 3624 1627 3687 l

417 3799 449 3848 21
471 3792 691 3848 dissentionibus
710 3797 737 3844 11
759 3793 769 3861 ΙΙ
791 3798 825 3848 23
844 3794 936 3848 metus
957 3794 1075 3851 Orellias
1092 3796 1101 3866 ΙΙ
1124 3800 1158 3849 24
1178 3794 1251 3848 sicut
1268 3794 1421 3849 indomitus
1440 3795 1489 3849 Al-

346 3875 416 3930 dioa
434 3893 460 3929 a.
482 3879 564 3928 15341
583 3873 665 3926 sicuti
684 3871 807 3927 domitus
827 3879 846 3926 0
878 3873 887 3943 ΙΙ
919 3880 953 3929 25
971 3875 1103 3930 laetiores
1122 3874 1285 3930 Rhenanus:
1309 3873 1424 3929 latiores
1443 3879 1462 3926 0
1483 3872 1487 3942 Ι

345 3953 418 4010 tanti
437 3957 521 4010 idem:
540 3955 603 4008 tuta
622 3959 641 4006 0
659 3955 668 4023 [Ι
687 3960 720 4008 27
739 3953 811 4008 bene
827 3959 858 4007 0:
878 3954 952 4029 boue
972 3971 988 4014 ς
1017 3958 1021 4025 Ι
1046 3955 1150 4008 famem
1170 3956 1311 4012 erctus=
1331 3956 1450 4010 formam
1469 3960 1488 4007 0

416 4035 464 4089 11.
489 4041 505 4088 2
525 4032 634 4102 antiqui
654 4033 824 4090 Grorwaira:
844 4035 966 4104 antiquis
986 4033 1141 4104 0111010111
1154 4042 1196 4089 1:
1214 4036 1306 4090 forum
1320 4036 1487 4104 1010011100-

344 4113 524 4169 rum'addidi
549 4118 553 4183 Ι
578 4114 743 4169 emendatae
762 4115 889 4184 Lepsios:
910 4115 1057 4170 emendare
1077 4120 1096 4167 0
1118 4118 1128 4186 l
1155 4123 1172 4170 4
1190 4116 1252 4185 quis
1271 4115 1345 4171 enim
1363 4120 1401 4168 1:
1421 4113 1487 4182 quid

345 4193 421 4249 enim
441 4197 495 4265 (uel
513 4193 637 4264 quidem)
656 4195 731 4262 quod
749 4197 922 4264 0010010115
942 4196 1102 4256 clientelam
1118 4197 1262 4252 Pithoeus:
1282 4192 1427 4248 ciuitatem
1446 4192 1489 4265 ⁰ll

345 4275 430 4330 8fieri
440 4277 580 4332 Morta:
600 4275 707 4343 qucrio
721 4279 731 4345 ΙΙ
746 4281 778 4330 10
788 4275 923 4330 uidelicet
935 4277 1045 4345 scripsi:
1063 4275 1161 4333 11111010
1175 4277 1327 4347 1011100111
1344 4281 1375 4330 11
1386 4291 1438 4328 usu
1447 4279 1486 4342 13

345 4371 411 4408 oum
428 4371 510 4408 usum
527 4354 713 4424 minimasque
732 4355 894 4425 profectus?
913 4358 922 4425 ΙΙ
946 4361 978 4410 13
997 4356 1087 4412 honor
1107 4359 1237 4415 Orelliasr
1256 4357 1356 4412 horum
1374 4364 1393 4411 0
1415 4360 1419 4425 Ι
1439 4356 1486 4411 ob-

346 4432 505 4502 scuriorque
524 4440 559 4487 1οι
580 4434 724 4488 obscurior
741 4440 780 4501 13
799 4455 866 4492 aum
885 4439 914 4490 et
933 4435 1094 4493 obscurior?
1115 4441 1125 4509 u
1153 4444 1186 4493 16
1205 4438 1305 4507 optimi
1323 4440 1486 4496 Rhenanus:

345 4512 451 4581 optima
470 4520 489 4567 0
