3296 5168
301 409 345 474 gg
630 405 922 464 counuursmvs
941 405 1116 464 celricus.

300 570 469 638 attemptare
496 566 657 621 maluerunt
684 566 760 622 docti
788 584 872 637 quam
900 567 994 622 sedem
1021 567 1085 622 uitii
1112 567 1262 637 diligenter
1293 567 1445 622 dinoscere.

300 650 415 708 mutant
432 647 506 702 euim
525 651 678 718 praeeunte
697 647 826 702 Acidalio
845 649 995 703 liberaliter
1018 647 1078 704 siue
1096 648 1124 702 iu
1146 649 1232 704 litare
1251 649 1309 703 siue
1328 648 1396 703 adeo
1415 647 1447 702 in

302 733 390 788 libare
408 730 503 782 leuiter
521 728 581 782 siue
599 727 628 781 iu
648 729 734 782 libare
753 729 865 782 litteras.
903 729 952 782 sed
970 729 1024 783 hoc
1044 729 1107 798 ipso
1125 729 1212 784 libare
1229 727 1270 782 nil
1289 729 1331 782 est
1348 727 1445 783 falsius

301 810 523 885 peruersinsque.
555 808 667 862 iubetur
686 809 780 862 orator
798 810 934 876 quasdam
954 811 1028 862 artes
1047 808 1130 876 plane
1147 809 1318 864 necessarias
1338 808 1447 864 haurire

302 893 362 947 siue
387 889 512 944 funditus
536 888 705 959 perdiscere,
730 887 836 942 ceteras
861 891 936 944 artes
960 907 1055 944 omnes
1078 888 1120 942 ita
1142 890 1174 943 ut
1196 889 1279 944 decet
1305 890 1447 945 homiuem

302 973 452 1040 ingenuom
474 968 593 1025 nouisse.
630 967 703 1022 hanc
720 966 808 1022 fuisse
826 969 993 1024 sententiam
1013 969 1144 1022 Taciti'
1110 987 1196 1039 ,ipse
1214 970 1306 1024 innuit
1324 973 1392 1026 etc
1412 975 1447 1024 30

304 1052 338 1105 de
367 1049 499 1105 Cicerone
522 1049 625 1103 diserte
656 1049 775 1116 testans,
804 1049 939 1104 nullius
931 1066 1069 1124 ingenuae
1093 1050 1161 1104 artis
1184 1041 1328 1105 seientiam
1353 1051 1378 1106 ei
1401 1051 1446 1105 de·

303 1131 388 1187 fuisse
407 1132 473 1184 etc.
488 1135 522 1184 32
541 1130 575 1184 de
595 1129 747 1183 multarum
766 1129 868 1184 artium
886 1131 1032 1185 seleutia
1050 1130 1166 1199 loquens
1185 1131 1323 1200 simulque
1338 1147 1448 1199 causus,

303 1211 403 1282 nequis
426 1211 508 1280 putet
531 1209 657 1264 sufficere
680 1212 713 1262 ut
735 1208 853 1278 simplex
877 1209 1010 1277 quiddam
1033 1211 1070 1265 ad
1091 1213 1202 1281 tempus
1226 1212 1372 1280 doceatur,
1394 1211 1449 1266 hoc
1516 1213 1527 1234 ⁸

305 1295 360 1360 eet,
388 1290 437 1346 ubi
460 1290 601 1360 oporteat,
630 1289 671 1344 rei
694 1287 812 1344 alicuius
840 1289 970 1344 notitiem
998 1290 1165 1359 primoribus
1194 1293 1225 1345 ut
1252 1291 1332 1344 aiunt
1363 1253 1462 1344 iabris·

305 1374 383 1428 libet.
420 1371 564 1439 intellegis
584 1387 665 1440 crgo,
688 1369 823 1424 traditum
848 1386 865 1423 a
883 1367 1026 1423 codicibus
1045 1372 1194 1426 liberaliter
1212 1370 1338 1441 apprime
1358 1370 1450 1424 facere

305 1454 334 1508 in
356 1468 429 1519 rem;
459 1450 493 1504 ef.
518 1449 604 1505 etiam
629 1449 739 1518 Cicero,
763 1447 862 1518 quiin
886 1452 995 1504 oratore
1025 1451 1143 1520 requirit
1165 1453 1344 1506 eruditiorum
1367 1451 1450 1504 libero

306 1535 419 1604 diguam
440 1531 487 1603 [de
506 1548 544 1587 or.
563 1529 577 1583 1
596 1531 642 1604 11]
662 1531 692 1585 33
710 1534 782 1585 artes
804 1545 873 1598 quae
895 1534 960 1582 serat
979 1531 1063 1584 libero
1087 1533 1188 1601 diquae
1206 1530 1255 1602 [ib.
1274 1528 1287 1582 I
1307 1529 1354 1600 13]
1374 1529 1402 1583 33
1419 1530 1451 1584 id

305 1614 378 1683 qued
396 1617 435 1666 est
457 1613 570 1666 tamine,
586 1613 704 1681 iuqeaua
728 1610 928 1678 liberaliterque
952 1609 1064 1665 educato
1087 1612 1201 1680 diqaum
1221 1610 1270 1680 [ib.
1289 1610 1302 1662 I
1323 1609 1452 1682 13‘1],ut

304 1695 387 1763 plura
413 1707 562 1761 congerere
585 1707 706 1761 parcam.
749 1706 888 1759 quaenam
910 1691 1057 1758 praeterea
1081 1694 1124 1746 est
1147 1689 1259 1745 criticae
1284 1688 1451 1744 exercendae

306 1771 393 1837 ratio,
415 1771 565 1842 procedere
589 1771 664 1825 ultra
687 1786 749 1824 eam
773 1784 884 1836 uocem,
909 1786 981 1835 quae
1004 1770 1071 1840 quia
1094 1770 1244 1825 sustentari
1266 1768 1344 1823 nullo
1369 1770 1452 1838 pacto

307 1853 402 1922 potest
421 1851 550 1920 coarguit
568 1868 627 1906 sese
650 1851 683 1904 33
702 1848 878 1917 corruptelae
898 1849 1010 1904 sedem?
1048 1851 1101 1906 arti
1124 1851 1211 1919 igitur
1231 1848 1386 1920 satisfaciet
1405 1848 1454 1918 qui

306 1950 392 1987 unum
417 1933 515 1987 audire
537 1931 578 1985 133
601 1929 762 1988 remanebit
779 1931 811 1983 ut
837 1926 969 1982 restituat
995 1928 1099 1984 iustam
1128 1930 1342 2000 oppositionem.
1388 1927 1453 1982 hine

306 2010 396 2082 Lipsii
419 2012 534 2066 inuento
556 2011 669 2065 haurire
692 2009 721 2064 in
744 2009 838 2078 partes
861 2011 962 2062 nocato
991 2008 1055 2062 dedi
1082 2011 1216 2080 quasdam
1238 2015 1310 2065 artes
1331 2010 1453 2075 haurire,

306 2095 376 2148 scire
399 2108 489 2148 omues
513 2092 674 2148 liberaliter:
703 2087 823 2144 conflato
852 2087 888 2141 ab
916 2088 1033 2142 eandem
1062 2090 1290 2145 terminationem
1313 2087 1453 2144 uocabulo

306 2174 432 2229 bauscire
454 2172 594 2228 medelam
617 2169 738 2226 attulere
761 2164 892 2223 monachi
914 2165 942 2220 in
967 2170 1064 2224 audire
1087 2169 1201 2225 obuium
1228 2170 1391 2234 mutantes„
1424 2170 1454 2222 et

307 2255 378 2310 bene
398 2270 461 2308 cum
479 2253 537 2308 illis
557 2253 714 2322 congruunt
732 2249 819 2305 uerba
838 2249 984 2316 sequentia
1002 2250 1041 2303 sic
1064 2249 1287 2320 interpretanda:
1315 2250 1369 2305 hoc
1390 2267 1453 2304 cum

307 2335 361 2391 sibi
383 2332 588 2406 persuasissent
606 2335 715 2387 ueteres
739 2333 877 2396 oratores,
902 2327 931 2380 et
947 2327 990 2383 ius
1013 2326 1096 2383 ciuile
1114 2329 1145 2382 in
1163 2329 1271 2384 artibus
1289 2329 1374 2399 plane
1393 2346 1454 2400 per·

309 2414 448 2471 discendis
470 2413 656 2470 numerabant
675 2416 703 2467 et
721 2408 921 2482 grammaticae
940 2407 1063 2464 musicae
1082 2408 1253 2480 geometriae
1271 2410 1455 2479 acquirebant

307 2495 438 2551 notitiam
458 2495 571 2564 dignam
591 2494 720 2563 ingenuo.

382 2583 416 2630 33
435 2577 565 2630 inciderat
583 2575 654 2628 euim
673 2587 772 2627 causae
786 2571 926 2640 plurimae
949 2571 1056 2640 quidem
1074 2587 1108 2626 ac
1126 2588 1215 2642 paene
1233 2587 1336 2640 omues,
1358 2573 1456 2642 quibus

308 2657 381 2712 iuris
394 2656 495 2711 aetitia
509 2654 692 2718 desideratur,
709 2653 867 2721 plerumque
886 2655 976 2705 autera
989 2651 1020 2705 iu
1034 2653 1211 2721 quibustuae
1225 2669 1328 2723 quaque
1341 2653 1456 2707 seieatia

308 2737 468 2806 requiritur.
515 2733 585 2789 haec
613 2732 754 2788 adduntur
781 2733 812 2786 ut
839 2747 888 2785 cur
914 2731 1024 2786 ueteres
1058 2735 1183 2787 oratores
1212 2732 1281 2787 iuris
1309 2730 1455 2787 scientiam

308 2815 453 2871 hauserint
476 2813 616 2885 dqceatur.
654 2812 729 2882 quod
748 2811 784 2865 ad
807 2807 918 2882 singula
936 2811 1036 2881 uerba,
1060 2813 1132 2867 hanc
1150 2811 1221 2868 mihi
1239 2810 1455 2882 deprehendisse

309 2915 370 2952 sum
389 2897 465 2952 uisus
486 2893 705 2966 oppositionem:
733 2891 763 2947 in
781 2890 923 2962 plurimis,
950 2891 1035 2948 immo
1059 2910 1147 2964 paene
1168 2893 1197 2947 iu
1217 2892 1346 2948 omnibns
1366 2891 1457 2947 causis

309 2977 461 3047 aptabile
481 2993 546 3031 3333
567 2975 621 3043 333,
641 2973 745 3029 oratori
764 2989 829 3028 rica
848 2973 998 3042 ignotum
1017 2991 1075 3030 esse
1094 2974 1150 3041 ius;
1175 2990 1258 3045 saepe
1278 2976 1372 3028 autern
1393 2973 1457 3043 (hoc

310 3057 384 3113 enim
403 3057 480 3114 ualet
489 3015 659 3127 plerumque)
674 3051 744 3108 illud
759 3057 919 3108 accurate
932 3054 1019 3109 scire
1035 3054 1149 3109 omnino
1164 3057 1208 3108 est
1220 3055 1455 3109 accessorium.

309 3135 503 3208 gradationem
521 3133 609 3205 igitur
628 3131 773 3187 continent
796 3149 859 3186 cum
883 3133 1055 3188 desideratur
1079 3137 1107 3188 et
1125 3135 1253 3203 requirit,
1277 3136 1338 3188 tum
1356 3136 1458 3190 rwtitia

310 3217 339 3272 et
361 3217 446 3272 seieut
447 3217 483 3270 iu.
527 3211 626 3284 quibus
650 3211 692 3264 ita
715 3207 878 3278 expositis'
870 3227 928 3264 ram
952 3229 1006 3266 uon
1029 3215 1179 3282 exagitabo
1203 3213 1289 3269 131333
1307 3215 1457 3270 uerborum

309 3293 423 3350 illorum
441 3290 687 3383 interpretationes
710 3307 761 3360 per
785 3304 814 3342 se
837 3289 956 3345 reiculas
980 3292 1080 3359 (ueluti
1101 3295 1166 3348 haec
1183 3296 1299 3350 scieutia
1317 3293 1457 3364 pertinere

310 3373 346 3430 ad
370 3373 583 3444 grammaticam
607 3371 743 3426 musicam
768 3363 966 3442 geometriam,
991 3387 1047 3439 qua
1070 3373 1201 3443 opinione
1226 3375 1337 3445 decepti
1359 3376 1458 3430 harum

310 3470 411 3525 quoque
436 3451 692 3521 Schurzileischius,
717 3452 782 3505 haee
805 3455 855 3506 aut
843 3450 928 3505 tilla
954 3452 1069 3507 seientia
1096 3453 1230 3508 Meiserus
1259 3454 1457 3524 coniecerunt),
1485 3447 1487 3456 ’

310 3533 358 3589 sed
377 3534 498 3590 uerbis
489 3533 558 3604 ipsis
577 3531 767 3588 emaculaudis
786 3531 859 3586 daho
879 3548 1001 3602 operam.
1034 3533 1106 3588 uidit
1126 3536 1221 3590 autem
1239 3533 1386 3602 Meiserus,
1411 3534 1456 3588 de-

311 3613 427 3670 siderari
453 3616 485 3670 ia
508 3615 573 3669 autc
602 3614 701 3684 quibus
728 3613 813 3680 iuria
842 3611 941 3668 deinde
967 3614 1117 3669 Rhenanus
1135 3617 1295 3683 plerumque
1322 3617 1457 3671 transfor-

311 3693 402 3748 mauit
420 3695 449 3748 in
463 3697 618 3765 pleraeque.
655 3696 709 3749 hoc
728 3710 839 3764 quoque
857 3694 919 3748 loca
937 3693 967 3748 in
981 3710 1037 3748 una
1057 3693 1186 3763 equidem
1204 3695 1361 3749 mutatione
1381 3696 1458 3750 cohi·

310 3773 433 3828 bendum
456 3774 610 3829 remedium
635 3773 767 3828 arbitror:
793 3775 952 3843 plerumque
973 3774 1015 3829 133
1038 3774 1147 3830 33111333
1164 3773 1359 3843 retinebimus,
1378 3777 1410 3829 33
1427 3777 1483 3831 33-

311 3855 411 3926 quibus
429 3871 480 3925 pro
498 3854 575 3908 illius
593 3855 692 3924 quibus
711 3854 870 3907 correctura
888 3854 961 3910 falso
980 3855 1042 3910 loeo
1065 3855 1095 3909 in
1113 3855 1223 3910 textum
1241 3858 1356 3926 recepta
1374 3856 1458 3911 habe-

311 3951 399 3991 amus.
441 3936 573 3990 secuntur
595 3934 682 3989 uerba
704 3949 760 3986 non
783 3933 876 3987 minus
900 3938 1031 4004 corrupta
1056 3936 1121 3990 llaec
1143 3952 1247 4005 quoque
1274 3937 1401 4004 scieatia·
1429 3935 1459 3990 in
1545 3955 1551 3966 ·

312 4015 413 4086 quihus
436 4031 552 4086 quoque,
577 4013 652 4084 quod
676 4014 772 4082 aperte
796 4014 839 4068 est
861 4014 957 4085 nihili,
979 4013 1066 4070 tacite
1089 4013 1234 4069 33131313.
1272 4015 1344 4069 duae
1363 4016 1458 4068 autem

313 4095 479 4153 emendandi
507 4095 570 4150 uiae
598 4095 705 4165 patent.
752 4095 802 4149 333
825 4093 898 4150 enim
922 4100 997 4151 recia
1020 4096 1088 4165 (siue
1112 4098 1195 4166 certa)
1218 4112 1322 4166 quoque
1344 4096 1460 4150 seleutia

313 4157 443 4248 (sirirplici
465 4175 546 4232 33313
516 4192 582 4232 rrae
605 4174 744 4246 opposita)
769 4177 831 4245 333,
850 4176 875 4230 31
893 4176 1038 4232 scientiam
1063 4192 1117 4231 nou
1141 4175 1268 4245 indigere
1291 4175 1343 4230 tali
1362 4175 1459 4232 addita

313 4273 419 4329 perque
440 4273 469 4312 33
487 4255 606 4312 33313133
625 4273 685 4312 3333
705 4256 873 4323 contrariam
891 4260 987 4327 putas,
1006 4257 1071 4310 haec
1089 4257 1203 4312 seleutia
1222 4273 1325 4327 quoque
1343 4258 1458 4328 requiri·

313 4342 360 4393 tur
377 4339 536 4406 reponatur.
574 4353 608 4392 ex
626 4354 678 4391 usu
697 4352 796 4407 nempe
815 4336 1001 4408 posteriorum
1019 4353 1122 4407 quoque
1140 4336 1333 4407 praeponitur.
1362 4336 1397 4390 cf.
1418 4353 1459 4391 ex.

313 4435 354 4488 gr.
373 4415 457 4472 Fabri
475 4416 510 4472 ad
530 4415 603 4472 Liuii
621 4415 701 4470 XXII
721 4422 763 4486 14,
783 4421 823 4472 15.
857 4419 923 4472 haee
941 4419 1035 4472 autem
1057 4419 1172 4472 seleutia
1190 4415 1284 4470 ualere
1306 4416 1399 4470 ‘huius
1418 4416 1460 4472 rei

315 4496 404 4570 (iuris)
424 4494 552 4553 scientia'
572 4496 620 4552 nix
638 4495 775 4569 estquod
794 4496 935 4554 stabiliam
954 4514 988 4552 ex
1007 4494 1148 4552 Ciceronis
1167 4495 1229 4552 loco
1250 4496 1284 4550 de
1304 4511 1343 4550 or.
1362 4495 1376 4550 1
1395 4499 1457 4552 186.
1519 4517 1526 4531 ·
