3270 5168
583 423 764 480 ulliusve
783 425 812 478 a.
833 431 945 480 rr-re.
1259 483 1263 496 ,
1294 423 1335 486 21

193 593 443 674 anteponuntur.
480 612 538 654 nec
562 590 659 653 refert
682 589 768 675 quod
791 591 875 653 inter
898 611 932 653 se
952 589 1058 672 specie
1082 587 1241 672 differunt,
1264 610 1337 652 cum

193 717 308 782 genere
341 698 552 763 consentiant.
595 697 638 761 sit
670 697 814 774 strictior¹
842 695 977 780 Caluus,
1009 693 1163 760 uenosior
1197 695 1338 779 Asinius,

194 802 391 888 splendidior
404 799 533 887 Caesar,
552 803 692 868 amamur
705 802 843 882 Caelius,
867 804 998 889 grauior
1016 801 1146 887 Brutus,
1170 802 1337 867 uehemen-

151 926 180 964 20
193 911 259 974 tior
291 912 323 972 et
354 909 481 993 plenior
513 913 546 974 et
573 910 734 976 ualentior
762 907 889 974 Cicero:
923 931 1033 974 omnes
1063 912 1174 973 tamen
1205 910 1338 973 eandem

194 1017 368 1083 sanitatem
396 1017 596 1102 eloquentiae
628 1018 772 1100 seruant,
800 1018 848 1099 ut,
876 1015 903 1079 si
926 1015 1072 1079 omnium
1094 1013 1217 1099 pariter
1238 1013 1338 1080 libros

195 1123 230 1196 in
252 1138 383 1187 manum
407 1124 599 1208 sumpseris,
622 1124 721 1207 scias,
744 1123 891 1208 quamuis
911 1123 944 1187 in
964 1121 1099 1186 diuersis
1114 1122 1255 1207 ingeniis
1270 1143 1339 1186 esse

195 1230 357 1315 quandam
379 1231 488 1296 iudicii
513 1253 550 1296 ac
574 1230 752 1296 uoluntatis
777 1229 1020 1294 similitudinem
1049 1231 1082 1292 et
1104 1229 1339 1312 cognationem.

197 1359 272 1428 nam
297 1338 382 1422 quod
404 1339 543 1404 inuicem
567 1341 629 1421 [se]
650 1339 913 1404 obtrectauerunt
931 1340 964 1400 et
978 1339 1054 1401 sunt
1069 1336 1177 1420 aliqua
1191 1335 1338 1419 epistulis

155 1457 182 1497 2⁵
197 1466 307 1509 eorum
330 1445 466 1530 inserta,
490 1469 527 1510 ex
551 1446 667 1530 quibus
682 1448 795 1510 mutua
810 1445 999 1529 malignitas
1014 1443 1187 1528 detegitur:
1211 1466 1276 1508 non
1291 1445 1341 1506 est

194 1555 359 1617 oratorum
383 1554 514 1637 uitium,
537 1552 592 1617 sed
615 1553 795 1618 hominum.
832 1571 909 1616 nam
930 1556 963 1616 et
982 1551 1119 1616 Caluum
1138 1555 1171 1615 et
1190 1549 1339 1615 Asinium

195 1661 228 1722 et
250 1659 358 1741 ipsum
373 1658 560 1724 Ciceronem
585 1659 679 1724 credo
704 1659 818 1724 solitos
843 1659 1037 1724 et·inuicem
1059 1659 1158 1722 liuere
1177 1659 1210 1720 et
1224 1657 1338 1721 ceteris

96 1837 99 1844 ¹
195 1765 355 1829 humanae
385 1765 583 1829 infirmitatis
613 1765 704 1830 uitiis
734 1765 832 1850 affici3
865 1765 969 1830 solum
999 1766 1084 1828 inter
1112 1764 1172 1828 hos
1200 1764 1340 1828 arbitror
1392 1787 1396 1796 ’

196 1871 333 1936 Brutum
359 1893 427 1936 non
454 1871 659 1956 malignitate
686 1894 745 1937 nec
772 1872 906 1957 inuidia,
935 1872 991 1936 sed
1018 1870 1214 1954 simpliciter,
1234 1874 1268 1936 et
1292 1871 1339 1934 in-

155 1989 182 2029 30
195 1999 299 2063 genue
322 1979 474 2044 iudicium
494 1979 594 2043 animi
614 1980 663 2043 sui
676 1979 846 2054 detexisse.
884 1979 994 2044 anille
1010 1977 1158 2044 Ciceroni
1171 1977 1340 2060 inuideret,

195 2086 249 2176 qui
273 2086 352 2150 mihi
376 2085 566 2151 uideturne
590 2085 721 2151 Caesari
744 2086 872 2171 quidem
895 2084 1071 2149 inuidisse?
1095 2086 1181 2170 quod
1205 2084 1245 2148 ad
1269 2082 1340 2148 Ser-

194 2195 283 2259 uium
302 2193 441 2258 Galbam
465 2196 498 2257 et
516 2190 550 2258 C.
569 2191 716 2257 Laelium
739 2192 855 2257 attinet
877 2195 910 2256 et
933 2193 961 2256 si
984 2214 1064 2277 quos
1086 2193 1167 2256 alios
1183 2191 1341 2276 antiquio·

196 2323 268 2364 rum
285 2301 377 2382 ,Aper
400 2300 524 2385 agitare
547 2321 613 2364 non
636 2298 775 2383 destitit,
805 2321 870 2364 non
900 2299 1001 2383 exigit
1024 2297 1241 2379 defensorem,
1269 2319 1341 2362 eum

197 2407 304 2471 fatear
328 2405 485 2490 quaedam
509 2406 711 2491 eloquentiae
727 2427 838 2470 eorum
857 2409 895 2469 ut
908 2406 1056 2471 nascenti
1070 2406 1174 2470 adhuc
1188 2426 1246 2469 nec
1261 2404 1342 2468 satis

160 2522 186 2562 ³⁵
200 2514 329 2578 adultae
353 2511 501 2578 defuisse.
539 2516 680 2577 ceterum
704 2513 732 2577 si
755 2513 875 2578 omisso
900 2515 1024 2597 optimo
1047 2513 1103 2578 illo
1127 2517 1159 2578 et
1178 2511 1395 2597 perfectis-26

198 2621 280 2685 simo
308 2640 426 2704 genere
455 2619 655 2704 eloquentiae
684 2618 832 2705 eligenda
861 2619 904 2684 sit
927 2619 1032 2684 forma
1060 2619 1200 2703 dicendi,
1229 2618 1341 2683 malim

141 2741 145 2746 “
197 2727 326 2792 hercule
340 2726 375 2791 G.
389 2724 526 2790 Gracchi
550 2726 707 2809 impetum
732 2728 787 2789 aut
810 2724 845 2791 L.
865 2725 978 2791 Crassi
997 2728 1220 2792 maturitatem
1245 2749 1341 2811 quam

199 2833 402 2898 calamistros
417 2832 614 2897 Maecenatis
639 2835 696 2896 aut
708 2833 847 2896 tinnitus
864 2832 1036 2897 Gallionis:
1061 2834 1139 2899 adeo
1155 2834 1269 2897 melius
1285 2837 1342 2912 est,

171 2943 360 3006 soratorcm
389 2960 423 3002 se
450 2939 537 3003 hirta
560 2942 640 3024 toga
666 2939 799 3003 induere
828 2961 923 3022 quam
950 2937 1068 3004 fucatis
1097 2943 1130 3003 et
1152 2939 1342 3004 meretriciis

198 3046 344 3111 uestibus
367 3045 532 3131 insignire.
569 3068 673 3131 neque
697 3046 782 3111 enim
807 3047 967 3112 oratorius
990 3047 1068 3132 iste,
1090 3047 1191 3112 immo
1214 3047 1342 3111 hercule

141 3143 148 3160 ⁸
197 3176 237 3218 ne
256 3153 362 3218 uirilis
381 3153 510 3238 quidem
525 3153 630 3218 cultus
647 3156 704 3238 est,
723 3176 786 3237 quo
800 3154 945 3238 plerique
961 3157 1143 3238 temporum
1158 3159 1342 3221 nostrorum

199 3264 322 3326 actores
345 3260 392 3324 ita
415 3262 563 3344 utuntur,
586 3263 624 3324 ut
646 3259 782 3325 lasciuia
806 3261 978 3326 uerborum
1002 3265 1035 3325 et
1057 3262 1191 3327 leuitate
1216 3265 1342 3326 senten-

198 3369 317 3432 tiarum
342 3373 375 3432 et
397 3366 529 3431 licentia
544 3366 787 3450 compositionis
802 3366 1012 3433 histrionales
1026 3368 1139 3434 modos
1154 3370 1343 3454 exprimant.

161 3502 186 3541 10
200 3474 348 3560 quodque
371 3473 426 3538 uix
450 3473 561 3538 auditu
584 3474 634 3538 fas
658 3495 728 3538 esse
751 3474 860 3554 debet,
884 3475 990 3540 laudis
1015 3479 1047 3540 et
1069 3477 1192 3562 gloriae
1213 3480 1272 3558 [et]
1297 3477 1342 3541 in·

200 3582 286 3668 genii
315 3582 386 3647 loco
414 3580 560 3667 plerique
587 3581 711 3645 iactant
738 3582 862 3645 cantari
891 3582 1067 3667 saltarique
1095 3584 1343 3648 commentarios

272 3873 303 3921 17
323 3865 457 3920 differunt
470 3865 613 3919 Halmius:
633 3861 765 3917 differant
778 3869 797 3916 0
811 3865 820 3933 ΙΙ
836 3871 868 3920 18
889 3863 926 3917 sit
940 3865 1088 3918 Meiscrus:
1108 3866 1139 3918 at
1157 3869 1176 3916 0
1193 3867 1197 3932 Ι
1213 3864 1344 3917 uenosior

199 3949 308 4018 scripsi:
327 3945 502 4010 numerosior
521 3950 539 3997 0
553 3947 563 4015 u
577 3951 609 3998 21
630 3943 781 3998 sanitatem
795 3945 959 4000 Rheuurcue:
980 3943 1159 3998 sanctitatem
1174 3950 1193 3997 0
1209 3948 1213 4014 1
1231 3947 1344 3998 seruant

200 4029 254 4096 (uel
272 4027 384 4097 gerunt)
402 4027 513 4095 scripsi:
534 4027 630 4081 serunt
644 4030 662 4077 0
681 4024 776 4078 ferunt
790 4043 806 4084 ς
820 4029 829 4094 ss
844 4032 877 4079 22
893 4025 965 4080 scias
985 4042 1014 4084 ςε
1034 4024 1121 4079 sciam
1135 4032 1153 4079 0
1167 4030 1177 4096 ΙΙ
1191 4033 1224 4080 23
1240 4041 1342 4093 cogna-

199 4107 306 4161 tionem
324 4107 492 4162 Berocldus:
512 4104 714 4176 cogitationem
733 4110 751 4157 0
771 4107 781 4174 l
799 4112 833 4160 24
853 4123 883 4160 se
901 4107 1009 4162 seclusit
1026 4106 1213 4175 Nipperdcius
1226 4108 1236 4174 ΙΙ
1250 4111 1282 4159 27
1302 4103 1343 4158 in÷

200 4188 290 4241 uicem
308 4188 396 4242 liuere
418 4187 532 4255 scripsi:
555 4185 682 4240 inuidere
706 4187 735 4240 et
757 4185 843 4240 liuere
868 4190 928 4256 011
960 4192 994 4240 29
1018 4185 1136 4239 Brutum
1161 4186 1343 4240 Puteolanus:

200 4269 293 4320 utrum
313 4272 331 4319 0
349 4269 360 4336 l
378 4273 411 4320 32
432 4264 609 4333 antiquorum
628 4272 660 4330 0,
680 4267 797 4321 correxit
815 4267 847 4319 P.
872 4267 983 4321 Vossius
1001 4267 1010 4334 l
1031 4272 1066 4319 33
1084 4265 1159 4335 Aper
1177 4266 1345 4322 addititiam

272 4346 320 4401 26.
342 4355 354 4400 1
375 4344 483 4415 optimo
503 4361 531 4403 ςε
550 4345 644 4415 opimo
664 4352 683 4399 0
710 4350 720 4417 l
747 4353 763 4400 3
781 4345 893 4401 hercule
913 4364 943 4406 ςε
962 4345 1055 4400 hercle
1075 4351 1094 4398 0
1117 4350 1126 4415 ΙΙ
1150 4353 1165 4401 5
1186 4363 1215 4400 se
1233 4347 1343 4414 scripsi:

201 4426 286 4480 uelo
312 4427 323 4495 ΙΙ
350 4432 364 4480 7
384 4425 478 4480 hercle
498 4430 530 4492 0,
549 4429 667 4482 correxit
685 4445 701 4487 ς
724 4430 733 4498 ΙΙ
756 4434 772 4483 8
792 4429 899 4481 actores
918 4432 961 4480 12
980 4428 1108 4481 auctores
1126 4432 1150 4479 11
1171 4430 1181 4496 ΙΙ
1210 4433 1242 4480 10
1261 4426 1345 4481 debet

200 4509 311 4578 scripsi:
330 4507 433 4561 debeat
456 4513 475 4560 0
495 4506 617 4561 debebat
635 4509 781 4578 Muretus}
798 4509 913 4563 aiterum
931 4509 960 4561 et
978 4509 1075 4563 seclusi
