3296 5168
409 453 698 511 COMMENTARIVS
718 451 883 508 calnlcvs
903 453 932 508 C.
953 461 1062 510 12—13.
1265 455 1309 518 65

166 617 225 670 erat
243 613 332 686 recipi
351 617 508 686 (peruersns
527 615 637 672 scilicet
649 614 680 668 in
692 613 812 684 uulgata
825 615 870 669 est
883 631 977 669 sensus
996 614 1055 683 hic,
1074 613 1154 684 qnasi
1172 615 1230 669 iam
1248 618 1309 670 tum

163 696 250 752 fuerit
272 697 343 750 ordo
366 696 580 767 causidicorum)
604 697 633 750 et
654 695 778 750 familiae
801 700 829 747 11
851 693 1039 750 obsecundare
1060 695 1091 748 in
1115 694 1254 764 scriptura
1278 695 1309 751 O.

163 783 189 832 et
207 778 240 831 L.
261 777 348 848 (mala
367 776 573 832 adsimilatione
591 777 629 831 ad
653 791 771 844 sequens
794 774 865 828 illud
888 793 921 830 ac
947 780 971 827 a
995 773 1109 830 exhibet
1137 775 1168 830 O.
1193 793 1227 831 ac
1248 776 1309 846 L.):

163 857 198 912 cf.
219 875 292 927 quae
310 858 347 912 ad
365 875 388 914 c.
409 864 456 928 16,
476 863 509 912 19
529 856 671 912 adnotaui.

235 944 252 991 3
283 939 344 993 licet
370 939 437 993 istos
464 939 614 993 conamina
642 941 667 990 et
686 935 814 1004 pericula
840 950 893 990 saa
920 940 945 989 et
976 937 1133 991 casalatas
1164 937 1309 992 eaeaeriat.
1330 953 1351 991 c.
1374 936 1409 989 le

163 1020 259 1072 ortum
282 1034 342 1072 esse
364 1018 483 1072 alterum
506 1023 531 1072 et
550 1035 584 1072 ex
601 1032 689 1088 praua
711 1013 811 1084 prioris
829 1013 1023 1070 recordatione
1041 1016 1100 1070 tam
1119 1016 1208 1070 claret
1224 1033 1310 1084 quam

162 1101 240 1154 recte
261 1098 334 1152 illud
352 1115 370 1153 a
388 1098 483 1168 Lipsio
506 1098 536 1152 in
554 1101 592 1154 aa
614 1098 770 1153 correctum
792 1110 865 1149 esse:
893 1095 976 1163 plura
998 1097 1047 1164 qai
1067 1097 1121 1152 hoc
1138 1115 1195 1152 non
1214 1097 1309 1166 agnito

161 1177 347 1246 requirebant
364 1177 500 1245 (Ritterus
519 1180 637 1248 adapes
655 1183 680 1232 et
700 1175 873 1240 coasaiatas,
895 1173 1042 1230 Vahlenus
1063 1179 1100 1232 aa
1118 1182 1311 1248 praeluceret

161 1259 348 1326 cmrealatas),
368 1274 450 1313 omne
470 1259 598 1314 additum
616 1257 717 1313 misere
735 1254 869 1322 languere
887 1255 1079 1324 neglexerunt,

237 1343 254 1391 8
278 1343 304 1392 et
329 1339 400 1406 forte
424 1345 592 1408 praesentem
615 1342 828 1410 spectantemque
859 1335 1007 1406 Virptla'am
1033 1343 1180 1393 ueneratus
1206 1343 1245 1393 est
1271 1339 1312 1393 sic

161 1418 247 1486 qaaei
268 1417 431 1488 Aapastam.
474 1437 530 1476 non
553 1435 654 1488 sequor
677 1415 852 1483 Maeotium,
881 1415 929 1485 qui
962 1416 1111 1487 Virpe'le'am
1133 1421 1166 1474 ut
1188 1418 1311 1487 glossam

162 1497 233 1552 eicit
251 1513 266 1550 e
284 1498 377 1564 textn3
396 1497 499 1552 iterum
518 1499 593 1553 enim
611 1497 714 1566 poetae
732 1510 835 1550 nomen
853 1495 980 1564 ponitur,
1004 1515 1059 1568 quo
1084 1498 1186 1553 clarius
1203 1498 1264 1568 ipse
1282 1501 1312 1553 ct

162 1578 311 1646 Augustus
338 1576 413 1632 inter
437 1596 467 1633 re
496 1579 680 1649 opponantur.
726 1592 816 1645 neque
844 1577 919 1630 recte
946 1577 1054 1633 deleuit
1077 1579 1256 1635 Andresenus
1283 1581 1312 1634 id

161 1657 241 1724 quod
266 1657 358 1726 praeit
384 1663 606 1728 spectastemqae.
661 1672 831 1726 quamquam
864 1657 1019 1713 mutatione
1051 1675 1117 1712 sane
1154 1676 1224 1728 opus
1257 1661 1312 1713 est:

162 1736 234 1806 quid
253 1737 328 1792 enim
346 1738 424 1794 aliud
442 1738 472 1793 in
490 1740 601 1795 theatro
620 1739 688 1792 fecit
706 1736 846 1807 Vergilius
866 1753 952 1804 quam
967 1739 1124 1807 spectauit?
1162 1757 1212 1794 neo
1231 1739 1313 1794 inane

161 1823 192 1872 et
219 1835 323 1872 uanum
347 1817 476 1874 additum
500 1820 672 1875 sustentatur
696 1817 746 1872 illo
769 1815 902 1885 artificio,
930 1819 962 1871 nt
985 1821 1145 1874 accersatur
1168 1821 1259 1889 figura
1279 1817 1313 1874 ἓν

162 1891 215 1950 διὰ
235 1898 318 1951 δυοῖν
337 1899 524 1967 (praesentem
543 1900 617 1955 inter
636 1897 832 1968 spectatores);
852 1913 923 1966 quae
941 1898 988 1954 hic
1006 1900 1048 1953 nil
1066 1901 1102 1954 ad
1120 1917 1186 1956 rem.
1206 1901 1314 1955 remota

161 1992 254 2045 praua
272 1975 480 2032 adsimilatione
500 1978 565 2034 dedi
583 1983 720 2047 arctans:
740 1981 906 2034 conuertens
925 1979 1081 2049 inpactum
1100 1981 1194 2036 oculos
1213 1981 1314 2050 plausu

162 2072 230 2110 eum
248 2058 398 2110 ueneratus
417 2059 460 2111 est
477 2058 607 2126 populus.

239 2141 273 2189 14
290 2136 314 2189 a·
332 2137 431 2205 quibas
444 2143 591 2206 praestant
609 2137 802 2208 iadipaaatar.
842 2139 1020 2195 Andresenus
1037 2141 1123 2208 uidit,
1148 2141 1192 2195 ael
1210 2141 1313 2195 adden·

160 2217 233 2272 dum
251 2232 312 2271 esse
332 2218 397 2270 ante
416 2217 440 2271 οἳ
458 2219 480 2287 (i
498 2220 510 2272 i
527 2218 646 2274 fortasse
665 2219 816 2288 praestat),
840 2219 949 2273 scilicet
966 2221 999 2274 ut
1018 2220 1044 2275 ei
1062 2222 1163 2290 quibus
1184 2222 1313 2290 rogatum

163 2297 328 2366 praestatur
346 2297 382 2351 ab
401 2296 441 2351 eis
461 2297 562 2366 quibus
580 2315 642 2352 non·
655 2297 815 2368 praestatur
833 2301 1020 2353 secernantur.
1050 2299 1142 2354 minus
1160 2301 1231 2354 bene
1250 2316 1313 2354 con·

162 2376 292 2432 iecerunt
319 2375 430 2446 Lipsius
457 2380 556 2448 quibas
587 2395 644 2433 aaa
674 2384 832 2447 praestant,
863 2379 1011 2433 Michaelis
1043 2381 1142 2449 qarbas
1168 2385 1319 2450 praestaret

159 2457 280 2525 perieade
298 2461 323 2510 et
340 2458 440 2526 quibas
458 2475 514 2512 aaa
528 2463 686 2528 fflaeaaat,
704 2457 832 2512 Halmius
852 2459 952 2528 qarbas
965 2465 1077 2529 praesto
1094 2477 1152 2515 aaa
1169 2466 1242 2515 sant.

239 2539 273 2588 15
293 2536 365 2604 qaod
388 2536 507 2606 adlipati
529 2553 590 2590 cam
612 2538 780 2593 adalaticae.
824 2539 872 2608 qui
895 2554 956 2593 cam
980 2542 1030 2594 aut
1053 2540 1148 2596 delent
1166 2542 1217 2596 aut
1236 2537 1314 2594 uarie

162 2615 309 2670 inmolant
327 2616 436 2682 (bamili
453 2617 500 2671 uel
519 2617 640 2671 arratam
659 2617 864 2688 Schultingius,
886 2619 962 2674 amai
978 2619 1154 2690 Waltherua
1180 2620 1316 2675 commatri
1375 2669 1377 2674 Α

163 2695 367 2764 Schneiderus‚
387 2713 488 2750 caream
505 2697 640 2765 Hcasius,
662 2715 769 2754 sraama
786 2697 946 2768 Meiserus),
970 2701 1045 2768 quud
1063 2701 1129 2756 ferri
1148 2703 1243 2770 posset
1260 2718 1316 2756 non

162 2775 357 2831 restituerunt.
403 2792 470 2830 nam
497 2779 530 2830 ut
559 2777 663 2832 docent
687 2779 815 2848 proxima
839 2777 948 2848 uerba‚'
966 2778 1078 2851 Crispus
1107 2782 1136 2835 et
1165 2781 1315 2836 Marcellus

163 2854 325 2910 adulationi
351 2856 534 2926 inposuerant
559 2857 667 2926 frenos,
695 2858 805 2913 scilicet-
831 2875 866 2912 ne
893 2858 1058 2914 libertorum
1082 2863 1173 2915 essent
1200 2859 1314 2915 similes.

164 2935 216 2990 sed
245 2933 381 3003 quidquid
411 2936 492 2992 illam
519 2937 722 2992 restrinxerunt
750 2937 943 3005 moderatique
972 2943 1049 3009 sunt,
1081 2941 1187 3010 populo
1218 2943 1316 2994 tamen

163 3017 295 3071 Romano
313 3033 465 3084 numquam
484 3017 552 3072 satis
575 3015 671 3085 liberi,
695 3019 727 3072 nt
745 3019 774 3077 et
792 3017 953 3086 potentibus
972 3037 1028 3075 non
1047 3021 1114 3075 satis
1139 3019 1226 3089 serui,
1250 3020 1316 3074 sunt

162 3094 229 3156 uisi.
266 3094 389 3150 mediam
414 3097 556 3165 quandam
581 3097 657 3150 uiam
679 3095 790 3167 ingredi
814 3096 959 3166 cupientes
982 3101 1088 3156 nentis
1112 3099 1314 3156 satisfecerunt.

165 3176 227 3229 erat
245 3173 334 3244 igitur
351 3175 465 3231 illorum
484 3176 611 3231 adulatio
630 3177 768 3247 adlipata‚
790 3177 843 3232 hoc
863 3178 906 3232 est
925 3181 1009 3235 certis
1028 3180 1238 3250 circumscripta
1255 3179 1314 3232 fini-

164 3256 218 3310 bus
238 3255 269 3308 et
287 3256 398 3310 aarum
417 3261 553 3326 qnantum
571 3259 760 3313 necessarium
775 3258 836 3312 erat
849 3261 1044 3316 consuetudini
1062 3262 1171 3317 aulicae
1189 3259 1315 3316 tribuens

165 3337 274 3406 (uertas
294 3334 359 3389 ‘mit
376 3337 452 3394 ihrer
469 3338 686 3408 beschrtnkten,
710 3338 798 3392 durch
816 3337 997 3412 autgelegten
1011 3344 1115 3414 Zwang
1133 3342 1316 3414 gebundcnen

165 3416 407 3488 Schmciehelei').

239 3503 274 3551 20
293 3498 325 3552 ia
347 3499 398 3553 illa
421 3515 503 3554 sacra
524 3500 638 3569 illosqae
660 3500 748 3566 scates
770 3500 870 3566 feram.
913 3502 1121 3557 assentiendum
1145 3505 1189 3557 est
1207 3503 1246 3558 eis
1267 3501 1317 3571 qni

165 3579 221 3634 hoc
240 3578 273 3632 ia
290 3578 354 3632 illas
371 3580 459 3646 (cates
477 3581 570 3647 (acret
583 3596 640 3633 non
657 3579 788 3634 tolerant.
817 3580 969 3636 uoluerunt
987 3584 1081 3636 autem
1099 3582 1224 3636 [titterus
1243 3583 1315 3635 illos-

165 3675 217 3728 qae
231 3658 270 3712 ad
283 3658 380 3730 fontes,
399 3659 539 3729 Hauptius
554 3659 660 3730 [opusc.
676 3659 688 3711 I
705 3659 767 3730 195]
782 3660 897 3730 illasque
909 3663 1021 3728 [raaces
1035 3662 1099 3730 (boc
1114 3664 1166 3729 est,
1182 3664 1315 3729 nemora),

168 3739 200 3792 L.
219 3737 372 3794 Muellerus
393 3739 539 3811 [Fleckeis.
559 3757 622 3794 ann.
644 3744 712 3793 1868
731 3756 758 3807 p.
778 3739 843 3809 422]
862 3740 974 3808 illosque
991 3745 1101 3794 montes.
1137 3740 1184 3793 hic
1204 3756 1315 3808 quoqne

166 3819 238 3874 alibi
257 3819 330 3874 latet
347 3821 433 3876 ulcus.
466 3837 547 3876 sacra
565 3820 785 3888 interpretantur
805 3818 880 3873 ‘loca
894 3819 983 3874 sacra'
1004 3817 1064 3874 siue
1080 3820 1207 3872 ‘nemora
1224 3819 1314 3872 lucos-

167 3899 244 3966 qne'.
277 3899 356 3954 onius
374 3918 440 3954 usus
459 3900 618 3970 exemplum
632 3916 689 3953 non
703 3901 794 3967 extat;
812 3908 904 3969 neque
918 3899 1021 3954 sufficit
1033 3898 1062 3952 in
1077 3898 1316 3968 comparationem

131 3971 139 3978 ’
167 3980 300 4033 uocatum
320 3997 343 4034 c,
360 3985 402 4047 12,
424 3981 568 4036 tsedibus
584 3981 679 4034 οοοοίο.
707 3978 794 4034 immo
808 3995 889 4034 saera
906 3979 975 4048 quid
994 3982 1088 4034 essent
1106 3980 1205 4034 docere
1223 3977 1316 4047 potuit

168 4059 296 4114 conlatus
319 4059 439 4132 Vergilii
461 4079 559 4116 uersus
588 4060 715 4114 Materno
743 4057 790 4112 hic
819 4060 983 4113 obuersatus
1012 4059 1126 4129 [Georg.
1149 4058 1177 4111 II
1199 4056 1314 4127 avesq]

167 4155 211 4193 me
226 4156 294 4195 aero
309 4141 432 4210 primm
450 4143 541 4197 dianes
559 4144 623 4195 aate
640 4138 734 4193 annia
754 4137 869 4206 Manae,
892 4156 1009 4208 quaram
1031 4155 1112 4194 saera
1133 4139 1192 4205 fero
1210 4137 1316 4209 tapeata'

163 4235 312 4287 paeassas
337 4237 441 4290 amore,
464 4222 605 4289 accipiant
628 4220 677 4272 aut
702 4216 871 4272 Ouidianum
896 4219 980 4290 [trist.
999 4219 1037 4273 lV
1062 4224 1108 4285 10,
1129 4219 1172 4286 19]
1197 4217 1316 4272 etmihi

168 4299 226 4352 iam
240 4316 334 4369 parao
356 4302 482 4356 caelestia
499 4317 581 4355 sacra
595 4298 743 4368 placebant
765 4297 848 4368 iaqae
870 4317 951 4355 saraa
967 4300 1066 4368 'tertia
1085 4299 1175 4353 Maca
1192 4298 1316 4352 tralabat

170 4395 246 4448 opas.
284 4380 392 4436 scilicet
409 4382 510 4451 poetae
529 4379 584 4434 sibi
607 4378 776 4434 uidebantur
796 4396 855 4435 esse
874 4380 1034 4436 sacerdotes
1052 4378 1140 4433 Musis
1159 4377 1315 4433 sacrifican-

169 4461 228 4527 tes3
246 4462 321 4516 unde
341 4462 370 4516 et
387 4459 500 4516 Persius
519 4459 602 4531 [prol.
623 4460 651 4531 1]
670 4461 729 4530 ipse
746 4461 940 4530 semipapaaas
953 4461 990 4515 ad
1003 4475 1084 4514 sacra
1097 4464 1194 4513 aotam
1208 4473 1316 4512 cannen

170 4541 266 4610 arisae
288 4547 420 4598 nostrata.
461 4539 535 4596 unde
554 4541 673 4610 apparet
694 4541 726 4596 ia
744 4556 826 4596 sacra
848 4541 941 4606 sanat
957 4555 1014 4593 non
1033 4537 1123 4592 minus
1147 4536 1315 4594 dubitationi

224 4641 312 4681 horor
326 4641 461 4682 Dunoovs.
1086 4632 1102 4680 5
