3270 5168
610 429 793 487 DIALOGVS
812 430 842 487 ο.
863 437 974 487 10—11.
1323 430 1365 493 13

183 617 209 658 ao
224 597 331 659 tecum
350 594 443 680 milri,
461 594 621 681 Materne,
645 619 696 662 res
715 601 777 682 est,
796 597 895 683 quod,
915 619 987 662 cum
1005 600 1123 662 natura
1140 599 1198 660 tua
1211 595 1245 659 in
1260 595 1364 679 ipsam

217 721 322 765 arcem
346 702 547 787 eloquentiae
570 709 598 768 te
619 702 716 789 ferat,
739 726 845 769 errare
868 705 973 770 mauis
992 707 1026 769 et
1043 725 1170 768 summa
1190 702 1363 786 adepturus

217 807 252 870 in
279 807 458 874 leuioribus
476 810 646 878 subsistis.
673 815 747 895 ‚ut,
775 812 803 876 si
829 797 864 876 in
891 810 1028 876 Graecia
1054 813 1150 876 natus
1179 831 1280 892 esses,
1307 807 1363 872 ubi

217 914 356 980 ludicras
385 937 511 1002 quoque
540 918 619 982 artis
647 939 794 985 exercere
822 918 994 984 honestum
1022 922 1085 1001 est,
1114 938 1151 982 ac
1178 915 1239 981 tibi
1261 912 1362 1008 ⁴Nico-

218 1021 312 1085 strati
335 1022 434 1087 robur
457 1045 495 1089 ac
513 1023 598 1089 uires
618 1024 663 1089 dii
683 1025 860 1110 dedissent,
882 1048 950 1092 non
967 1029 1096 1111 paterer
1113 1024 1269 1090 immanes
1288 1023 1362 1087 illos

177 1147 203 1187 ss
218 1130 250 1190 et
279 1127 489 1214 ad-pugnam
517 1135 614 1197 natos
642 1133 779 1198 lacertos
807 1133 941 1199 leuitate
970 1133 1065 1199 iaculi
1094 1135 1149 1197 aut
1172 1133 1261 1198 iactu
1284 1130 1363 1194 disci

217 1256 403 1302 uaneseere:
427 1239 474 1303 sic
495 1261 589 1304 nunc.
604 1243 637 1304 te
661 1240 702 1305 ab
726 1239 895 1306 auditoriis
919 1243 952 1305 et
974 1239 1113 1306 theatris
1136 1239 1170 1302 in
1192 1237 1298 1302 forum
1318 1237 1364 1315 [et

217 1342 257 1406 ad
280 1347 406 1427 causas]
431 1348 465 1409 et
493 1345 533 1411 ad
561 1368 639 1412 uera
667 1346 790 1431 praelia
818 1369 913 1431 uoco,
941 1369 1013 1412 cum
1041 1341 1230 1434 praesertim
1254 1364 1295 1406 ne
1323 1338 1385 1434 ad·

215 1450 296 1514 illud
325 1451 455 1535 quidem
483 1452 657 1537 confugere
685 1453 804 1537 possis,
833 1453 918 1537 quod
945 1453 1107 1538 plerisque
1134 1449 1364 1536 patrocinatur,

215 1560 384 1643 tamquam
406 1559 515 1624 minus
539 1559 715 1624 obnoxium
743 1559 787 1622 sit
810 1559 950 1624 offensae
979 1562 1148 1644 poetarum
1173 1579 1270 1644 quam
1294 1577 1363 1620 ora·

175 1667 324 1728 sotorum
352 1663 504 1730 studium.
556 1664 736 1730 efferuescit
766 1665 852 1730 enim
880 1665 930 1730 uis
961 1664 1197 1751 pulcherrimae
1228 1667 1363 1728 naturae

214 1772 304 1855 tuae,
331 1791 390 1835 nec
412 1793 471 1856 pro
495 1771 598 1836 amico
622 1771 744 1857 aliquo,
772 1771 841 1856 sed,
869 1772 955 1856 quod
977 1772 1188 1857 periculosius
1212 1774 1275 1856 est,
1302 1793 1362 1856 pro

216 1874 340 1942 (latone
369 1877 513 1945 offendis.
562 1900 622 1943 nec
651 1882 823 1944 excusatur
852 1879 975 1944 offensa
1001 1879 1239 1945 necessitudine
1263 1877 1362 1943 officii
1458 1917 1462 1924 ·

215 1986 272 2046 aut
290 1983 353 2048 fide
373 1983 596 2049 aduocationis
617 1990 673 2050 aut
692 1984 846 2050 fortuitae
865 1989 899 2050 et
913 1985 1039 2051 subitae
1054 1985 1207 2052 dictionis
1225 1986 1362 2070 impetu:

119 2128 122 2134 ·
215 2089 390 2155 meditatus
413 2090 534 2156 uideris
558 2095 654 2177 atque
678 2093 815 2178 elegisse
837 2115 1011 2178 personam
1034 2093 1212 2159 notabilem
1235 2097 1363 2159 etcum

176 2216 202 2255 as
216 2196 408 2261 auctoritate
422 2249 428 2260 .
441 2191 623 2262 dicturam'
668 2199 772 2264 sentio
806 2199 882 2282 quid
916 2200 1104 2286 responderi
1134 2199 1253 2285 possit:
1289 2199 1362 2264 elici

214 2303 357 2388 ingentis
385 2325 424 2368 ex
452 2302 504 2370 his
535 2325 700 2389 assensus,
727 2305 807 2371 haec
834 2305 869 2370 in
892 2307 971 2390 ipsis
1001 2306 1170 2372 auditoriis
1192 2306 1362 2392 praecipue

215 2410 341 2475 laudari
364 2414 397 2476 et
419 2433 495 2476 mox
518 2412 663 2477 omnium
692 2413 895 2498 sermonibus
918 2412 1003 2479 ferri.
1039 2414 1118 2479 tolle
1140 2413 1255 2499 igitur,
1278 2412 1306 2477 si
1329 2413 1362 2477 id

213 2518 311 2603 petis,
339 2521 372 2584 et
400 2520 584 2587 securitatis
609 2521 865 2605 excusationem,
892 2543 964 2586 oum
993 2521 1053 2587 tibi
1082 2543 1190 2588 sumas
1215 2521 1362 2588 aduersa·

213 2625 299 2690 rium
323 2627 529 2711 superiorem.
583 2618 684 2693 nobis'
705 2629 785 2694 satis
813 2629 856 2692 sit
882 2628 1027 2713 priuatas
1056 2633 1090 2693 et
1114 2629 1220 2694 nostri
1243 2630 1362 2704 saeculi

174 2749 201 2788 40
215 2734 452 2799 controuersias
480 2734 577 2826 tueri,
606 2735 780 2819 inquibus
808 2757 847 2800 ex
875 2735 1004 2820 reipsa
1027 2736 1055 2801 si
1079 2736 1207 2821 quando
1230 2758 1361 2803 necesse

216 2839 260 2901 sit
282 2860 341 2922 pro
360 2839 564 2924 periclitante
582 2841 685 2905 amico
705 2841 924 2925 potentiorum
939 2865 1031 2908 aures
1046 2843 1217 2926 offendere,
1241 2847 1274 2907 et
1287 2865 1361 2928 pro·

216 2944 294 3009 bata
318 2946 361 3009 sit
383 2945 462 3010 fides
486 2949 519 3011 et
541 2946 673 3012 libertas
697 2946 868 3013 excusata?

304 3051 394 3128 Quae
417 3073 490 3118 oum
514 3053 648 3120 dixisset
671 3054 761 3139 Aper
790 3055 910 3140 acrius,
939 3058 977 3119 ut
1004 3055 1143 3141 solebat,
1172 3058 1206 3121 et
1232 3055 1411 3129 intentoll

213 3180 282 3243 ore,
311 3159 465 3226 remissus
494 3165 528 3225 et
555 3161 725 3227 subridens
748 3159 915 3226 Maternus
945 3160 1138 3247 ‘parantem'
1164 3161 1269 3247 inquit
1297 3161 1360 3227 ‘me

93 3321 97 3330 .
211 3287 278 3330 non
301 3265 408 3330 minus
432 3267 485 3333 diu
506 3265 657 3334 accusare
676 3272 823 3335 oratores
848 3292 946 3354 quam
964 3268 1054 3354 Aper
1071 3269 1262 3335 laudauerat
1276 3269 1360 3356 (fore

214 3372 300 3437 enim
324 3373 508 3440 arbitrabar
529 3378 567 3439 ut
589 3397 609 3439 a
631 3375 818 3442 laudatione
841 3398 953 3443 eorum
979 3377 1148 3462 degressus
1168 3376 1362 3442 detrectaret

284 3555 317 3604 21
333 3566 426 3604 arcem
440 3565 470 3610 ςι
490 3550 581 3604 artem
599 3545 618 3604 0
634 3552 639 3620 1
654 3553 683 3606 tc
697 3553 741 3608 lu'c
759 3553 870 3628 addidit
883 3552 1031 3609 Acidaliae
1045 3554 1119 3621 (aute
1133 3553 1183 3606 tua
1196 3551 1339 3623 Halmius)
1354 3553 1358 3625 1

211 3630 326 3697 sonasse
345 3629 494 3701 deerrare!
511 3630 663 3701 adepturus
681 3631 840 3688 Acidaliae:
860 3631 979 3702 adeptus
999 3635 1093 3702 0122
1112 3630 1142 3686 in
1161 3629 1373 3686 decliuioribus.

209 3709 379 3766 ltibbeclciue
392 3713 402 3781 1
416 3717 449 3766 23
469 3712 544 3765 artes
562 3713 612 3782 11
630 3717 665 3766 24
683 3711 748 3766 illos
766 3718 806 3767 1:
825 3711 896 3767 istos
914 3718 938 3766 ll
956 3712 966 3784 11
984 3719 1018 3769 25
1036 3712 1167 3785 leuitate]
1185 3715 1301 3781 fortasse
1318 3713 1360 3768 ui-

212 3788 340 3844 bratione
367 3794 377 3862 l
403 3797 436 3846 26
457 3793 486 3846 ot
504 3791 541 3846 ad
560 3808 659 3846 causas
678 3794 787 3848 seclusit
804 3793 949 3849 Kuuutius
975 3797 985 3863 1
1012 3799 1046 3850 28
1065 3791 1217 3864 confugere
1235 3800 1271 3848 ll:
1282 3839 1284 3842 .
1295 3811 1358 3848 con-

214 3874 367 3938 surgere}
376 3872 385 3938 11
399 3877 433 3926 29
444 3871 568 3927 offensae
578 3871 738 3928 Acidulius:
753 3871 892 3928 offendere
907 3880 926 3926 0
941 3873 1054 3928 offensis
1068 3874 1196 3930 Pithoeus
1208 3877 1218 3943 l
1232 3881 1266 3930 30
1281 3873 1358 3928 effer-

214 3951 311 4003 uesoct
329 3956 354 4005 el
372 3956 405 4004 32
425 3951 549 4006 offendes
568 3959 604 4020 0,
623 3953 740 4008 cureuil
758 3954 798 4023 ςΙΙ
817 3959 850 4008 33
864 3955 979 4021 fortusse
997 3970 1030 4008 ac
1050 3955 1100 4025 (et)
1119 3953 1173 4006 fide
1191 3955 1201 4022 1
1219 3960 1253 4007 34
1273 3955 1357 4021 atque

211 4031 324 4100 scripsi:
344 4031 394 4083 aut
412 4034 454 4100 ⁰l
472 4039 505 4086 35
525 4031 589 4087 elici
607 4033 717 4102 seipsi:
736 4031 783 4088 hio
802 4039 821 4085 ο
840 4032 906 4088 hino
925 4050 942 4092 ς
960 4037 969 4105 11
987 4039 1021 4088 36
1039 4034 1109 4088 haec
1126 4038 1165 4087 1:
1185 4031 1231 4085 hic
1249 4039 1273 4085 lt
1291 4032 1356 4088 hinc

213 4125 230 4167 ς
248 4113 258 4180 1
276 4116 309 4166 37
330 4108 355 4163 si
373 4108 403 4162 id
421 4109 495 4178 petis
514 4114 627 4183 scripsi:
647 4111 751 4181 quietis
769 4115 859 4183 ⁰l39
878 4114 1005 4183 priuatas
1024 4129 1122 4168 causas
1141 4113 1171 4167 et
1189 4112 1333 4169 Kuaulius
1349 4115 1359 4187 11

213 4197 247 4245 40
267 4207 301 4244 ex
319 4207 349 4245 re
368 4188 433 4259 ipsa
450 4193 561 4261 scripsi:
581 4192 757 4262 expressisti
776 4193 915 4264 expressit
933 4197 976 4264 (ut
993 4195 1114 4266 uidetur)
1128 4197 1225 4265 1141
1244 4197 1359 4263 fortusse

212 4271 370 4338 potentium
1176 4311 1180 4317 -
1218 4312 1222 4318 ·

284 4352 332 4407 ll.
355 4359 371 4406 2
394 4353 543 4421 parantem
565 4353 662 4423 inquid
684 4370 729 4408 me
756 4353 924 4410 Woltllerus:
949 4358 1052 4426 parant
1075 4355 1148 4410 enim
1171 4354 1239 4426 quid
1260 4373 1306 4411 me
1328 4362 1356 4410 1

106 4457 110 4462 ·
212 4433 313 4500 parant
335 4431 403 4502 quid
426 4432 501 4488 enim
523 4449 569 4487 me
587 4439 611 4487 ll
634 4436 792 4504 (parantem
810 4451 856 4488 me
873 4434 967 4505 inquit
984 4437 1130 4508 Bellcerus)
1157 4440 1167 4508 1
1194 4445 1210 4492 3
1228 4437 1357 4492 laudauit

212 4510 360 4569 Acidulius
372 4516 413 4584 14
433 4514 574 4586 digressus
594 4520 625 4584 0,
645 4518 751 4573 curaui
