3270 5168
298 359 341 423 38
672 361 684 386 ·
813 354 931 410 raom

297 521 438 587 nominis
471 521 555 605 apud
588 520 714 604 plebem
738 567 966 584 ........
993 519 1165 602 probabat.
1240 519 1287 584 hi
1336 519 1528 585 clientelis

297 627 396 692 etiam
420 629 601 692 exterarum
625 626 793 692 natiormm
817 624 1055 708 redundabant,
1077 624 1138 688 hos
1163 623 1269 689 ituri
1298 626 1343 690 in
1365 625 1522 710 prouin-
1538 643 1564 681 2⁰

299 735 365 799 cias
393 733 602 818 magistratus
631 733 875 817 reuerebautur,
901 731 962 796 bos
990 730 1111 797 reuersi
1134 730 1347 817 colebant,
1382 732 1457 798 hos
1483 736 1519 796 et

298 844 470 926 praeturae
498 843 531 904 et
558 839 746 905 consulatus
774 861 890 905 uocare
914 839 999 904 ultro
1012 837 1249 922 uidebantur,
1285 839 1331 904 hi
1360 862 1412 905 ne
1439 838 1515 923 pri-

298 949 367 1013 uati
391 947 520 1031 quidem
545 945 614 1010 sine
637 948 799 1028 potestate
824 947 929 1030 erant,
960 968 1033 1010 eum
1061 947 1094 1008 et
1120 945 1307 1028 populum
1339 949 1380 1011 et
1407 967 1508 1010 sena-

299 1059 368 1119 tum
396 1053 532 1119 oonsilio
561 1057 594 1118 et
624 1052 815 1117 auctoritate
847 1054 1005 1138 regerent.
1056 1050 1134 1135 quin
1164 1049 1288 1118 immo
1325 1052 1403 1117 sibi
1435 1052 1506 1137 ipsi

294 1179 435 1244 proceres
462 1161 702 1242 persuaserant,
731 1160 893 1223 neminem
921 1158 991 1222 sine
1020 1157 1206 1243 eloquentia
1243 1162 1317 1224 aut
1351 1157 1500 1244 assequi
1513 1171 1537 1211 2⁵

299 1288 396 1350 posse
419 1266 453 1330 iu
476 1265 607 1331 ciuitate
631 1268 688 1330 aut
715 1266 799 1331 tueri
826 1265 1034 1349 conspicuum
1058 1266 1091 1328 et
1113 1264 1334 1331 eminentem
1363 1268 1498 1332 locum.

300 1394 360 1437 nec
384 1372 510 1456 mirum,
535 1394 608 1437 cum
628 1372 726 1436 etiam
744 1371 839 1436 inuiti
858 1370 897 1435 ad
917 1371 1071 1455 populum
1090 1369 1381 1455 producerentur,
1409 1395 1490 1438 cum
1600 1451 1601 1458 ἵ

300 1500 415 1562 parum
439 1481 525 1543 esset
547 1479 582 1542 in
605 1481 719 1543 senatu
742 1477 885 1542 breuiter
908 1499 1037 1542 censere
1059 1477 1123 1560 nisi
1147 1477 1202 1562 qui
1227 1481 1316 1545 tulit
1337 1479 1490 1566 ingenio

303 1587 336 1649 et
358 1584 543 1668 eloquentia
567 1586 761 1650 sententiam
785 1608 876 1650 suam
899 1587 1058 1663 tueretur,
1081 1605 1153 1648 cum
1177 1583 1211 1650 in
1236 1585 1408 1672 aliquam
1434 1586 1482 1649 in-

302 1689 424 1755 uidiam
453 1693 509 1756 aut
531 1692 653 1756 crimen
681 1692 789 1756 uocati
812 1714 871 1756 sua
894 1713 972 1757 uoce
995 1690 1259 1775 respondendum
1288 1693 1479 1776 haberent,
1493 1705 1519 1744 ³⁰

302 1819 375 1862 eum
402 1796 590 1861 testimonia
617 1819 742 1882 quoque
769 1799 803 1862 iu
831 1797 969 1882 publicis
997 1798 1099 1862 causis
1125 1820 1192 1863 non
1216 1799 1388 1865 absentes
1413 1820 1477 1863 nec

302 1926 361 1988 per
383 1901 540 1968 tabellam
563 1902 652 1987 dare,
676 1903 732 1968 sed
756 1925 864 1969 coram
884 1907 916 1968 et
929 1908 1115 1987 praesentes
1130 1905 1233 1971 dicere
1248 1909 1473 1992 cogerentur.

302 2011 349 2074 ita
377 2009 418 2074 ad
447 2031 572 2074 summa
600 2009 804 2095 eloquentiae
833 2010 978 2094 praemia
1006 2030 1126 2095 magua
1150 2012 1248 2077 etiam
1274 2012 1469 2079 necessitas

303 2116 490 2200 accedebat3
519 2120 551 2180 et
577 2138 644 2181 non
666 2117 761 2183 modo
790 2117 945 2182 disertum
968 2116 1081 2183 baberi
1104 2119 1251 2202 pulcrum
1277 2122 1316 2184 et
1341 2119 1466 2206 glorio·

304 2248 388 2306 sum,
422 2223 477 2291 sed
506 2226 619 2290 eontra
646 2228 772 2289 mutum
800 2228 833 2289 et
860 2223 1022 2310 elinguem
1049 2223 1152 2290 uideri
1183 2225 1334 2292 deforme
1359 2227 1463 2292 habe·
1478 2235 1502 2278 ³5

251 2334 407 2402 37batur.
445 2353 522 2417 ergo
545 2354 612 2397 non
635 2332 742 2396 minus
765 2330 881 2396 rubore
904 2354 1000 2416 quam
1023 2331 1174 2417 praemiis
1189 2332 1459 2416 stimulabantur,

304 2461 344 2502 ne
367 2437 593 2502 clientulorum
616 2437 687 2502 loco
711 2438 819 2521 potius
844 2431 940 2521 quam
963 2441 1175 2522 patronorum
1193 2444 1459 2522 numerarentur,

303 2565 343 2608 ne
366 2542 504 2606 traditae
528 2565 547 2606 a
570 2543 746 2608 maioribus
769 2545 1020 2609 necessitudines
1040 2545 1080 2608 ad
1098 2545 1178 2610 alios
1197 2548 1392 2633 transirent,
1415 2568 1455 2612 ne

304 2652 472 2734 tamquam
486 2649 605 2714 inertes
621 2652 654 2714 et
668 2671 733 2714 non
748 2650 914 2715 suffecturi
929 2650 1069 2716 honores
1088 2654 1223 2718 autnon
1237 2653 1456 2738 impetrarent

306 2759 361 2821 aut
383 2756 573 2841 impetratos
596 2756 681 2821 male
703 2759 879 2822 tuerentur.
916 2757 1024 2824 nescio
1047 2781 1089 2822 an
1113 2760 1263 2823 uenerint
1280 2758 1316 2825 in
1335 2782 1451 2843 manus
1476 2767 1487 2808 ⁵

303 2868 428 2929 uestras
440 2863 520 2929 haec
530 2868 739 2929 monumenta
750 2865 967 2950 antiquorum,
981 2888 1062 2952 quae
1071 2865 1107 2930 in
1116 2865 1337 2949 bybliothecis
1348 2870 1452 2934 adhuc

305 2975 437 3036 manent
447 2973 480 3035 et
493 2993 567 3035 cum
576 2971 715 3035 maxime
730 2994 749 3036 a
762 2971 913 3036 Muciano
928 2971 1162 3037 contrahuntur
1172 2972 1283 3037 aciem
1294 2973 1449 3051 undecim,
1582 3059 1583 3066 ἵ

304 3082 341 3141 ut
364 3078 494 3161 opinor,
517 3079 663 3142 aetorum
686 3077 779 3144 libris
803 3081 835 3141 et
857 3078 962 3142 tribus
986 3079 1197 3161 epistularum
1219 3082 1450 3164 compositast
1578 3087 1581 3156 ι

307 3183 393 3246 edita
416 3186 501 3248 sunt.
539 3204 577 3246 ex
599 3182 652 3247 bis
666 3183 813 3267 intellegi
827 3186 949 3270 potest,
973 3183 1031 3250 On.
1045 3185 1236 3269 Pompeium
1251 3191 1284 3254 et
1297 3186 1341 3254 M.
1356 3189 1446 3256 Ores-
1581 3187 1582 3194 '

307 3307 378 3353 sum
401 3309 466 3352 nou
485 3289 610 3354 uiribus
634 3289 729 3355 modo
755 3293 788 3354 et
812 3291 923 3374 armis,
947 3291 1003 3356 sed
1025 3292 1156 3378 ingenio
1176 3317 1303 3380 quoque
1327 3300 1362 3362 et
1379 3303 1484 3362 ora-1⁰

306 3396 393 3460 tione
417 3394 574 3480 ualuisse,
602 3394 756 3462 Lentulos
781 3400 814 3461 et
835 3395 984 3464 Metellos
1008 3402 1041 3463 et
1063 3399 1214 3466 Lucullos
1238 3404 1271 3466 et
1294 3399 1445 3468 Curiones

306 3504 339 3565 et
368 3504 507 3566 ceteram
539 3525 707 3588 procerum
735 3526 866 3570 manum
893 3506 1031 3571 multum
1058 3507 1094 3572 in
1121 3506 1172 3571 his
1196 3506 1311 3573 studiis
1334 3529 1445 3592 operae

306 3630 463 3694 curaeque
486 3611 646 3694 posuisse,
676 3633 735 3677 nea
765 3634 958 3697 quemquam
984 3613 1051 3678 illis
1074 3615 1273 3699 temporibus
1297 3636 1445 3700 maguam

379 3873 411 3920 19
434 3872 498 3922 eote
515 3866 655 3935 probabat
678 3868 793 3922 lacunae
814 3868 896 3939 siquo
914 3870 999 3938 posui
1021 3868 1151 3937 (parabat
1164 3887 1218 3940 pro
1236 3871 1377 3941 probabat
1395 3874 1419 3942 ς)
1436 3869 1445 3942 ΙΙ

306 3955 341 4003 25
359 3964 487 4018 proceres
506 3949 605 4002 amesa
617 3949 627 4015 ι
640 3952 674 4001 aa
693 3946 760 4001 uum
779 3949 971 4018 (asscensus)
991 3948 1090 4004 assur
1106 3952 1116 4020 ιι
1135 3957 1168 4005 aa
1187 3935 1370 4011 tuerentur}
1387 3953 1396 4022 ι
1412 3958 1440 4007 a

307 4030 398 4082 causis
418 4029 528 4084 addidit
546 4028 702 4097 Bipoetiao
730 4029 735 4097 Ι
765 4027 889 4084 absentis
907 4035 934 4082 Η
955 4031 966 4100 ΙΙ
993 4035 1102 4084 3411011
1120 4032 1203 4086 modo
1223 4033 1357 4088 Sobeliosz
1377 4051 1441 4088 oom-

306 4110 427 4163 modat>

378 4188 426 4244 ar.
448 4195 461 4242 1
483 4187 691 4257 stipulabautur
710 4193 742 4256 0,
762 4191 878 4246 correxit
896 4189 1047 4244 Rhenanus
1077 4192 1087 4260 ss
1119 4199 1134 4247 3
1153 4193 1305 4247 transirent
1323 4193 1439 4263 Lepsios:

307 4269 475 4324 transissent
493 4271 565 4338 ⁰l4
584 4267 704 4339 honores
724 4267 893 4338 Sebopeuusr
912 4268 1065 4323 honoribus
1085 4273 1128 4342 οι
1146 4280 1161 4327 6
1180 4273 1251 4326 haec
1269 4274 1440 4329 monumenta

309 4349 499 4416 antiquorum,
523 4363 594 4415 quae
612 4347 643 4401 in
660 4345 728 4402 bibl.
747 4351 858 4418 scripsi:
882 4350 952 4403 haee
974 4351 1071 4404 uetera
1089 4367 1160 4420 quae
1179 4351 1254 4406 etin
1273 4353 1439 4422 antiquorum

310 4423 378 4479 bibl.
399 4429 471 4496 οιῖ
491 4428 616 4481 mutiano
636 4430 678 4498 οΙΙ
693 4432 724 4481 11
744 4429 874 4484 metellos
893 4431 922 4484 et
940 4434 979 4483 fl:
998 4431 1127 4486 metellos
1147 4432 1196 4486 sed
1215 4432 1244 4486 et
1261 4437 1285 4484 u
