3296 5168
338 394 380 457 62
670 391 962 449 connnnslarvs
981 391 1153 448 cnrrrcvs

337 554 510 608 intercidisse
533 553 669 608 nonnulla
692 555 792 610 statuit
815 555 844 609 F.
869 555 902 607 A.
922 553 1052 626 Wolfius,
1077 551 1253 609 adsentiente
1278 553 1395 622 praeter
1421 549 1486 605 alios

336 633 497 688 Andreseno
522 633 561 705 [p.
589 635 660 705 140}
703 634 787 689 debet
810 650 874 696 sane
899 631 1037 688 enuntiati
1061 634 1220 703 praeeuntis
1245 634 1338 688 sentio
1361 633 1429 702 quid
1450 648 1486 685 re-

336 715 465 781 sponderi
483 745 518 756 -
536 715 706 770 sermonibus
723 715 794 781 ferri
811 731 884 768 nunc
902 715 975 768 ratio
993 714 1106 781 haberi;
1124 730 1214 782 neque
1233 715 1336 767 tamen
1356 714 1399 766 est
1417 711 1486 780 quod

336 792 475 863 integram
492 794 608 863 periisse
622 795 790 849 sententiam
805 793 955 850 credamus.
988 793 1103 848 attende
1117 791 1192 847 enim
1206 792 1243 846 ad
1258 793 1486 862 argumentorum

337 872 448 927 seriem:
477 875 521 941 tu,
545 875 671 930 Materne
694 891 750 928 non
773 875 853 943 potes
877 871 1027 942 confugere
1056 872 1092 928 ad
1122 871 1234 928 solitum
1264 875 1417 942 poetarum
1444 871 1486 925 de-

337 952 497 1021 fensionem,
513 955 636 1009 studium
651 972 731 1009 suum
747 955 787 1009 nil
801 953 935 1024 praebere
949 951 1122 1019 offensionis3
1141 971 1207 1008 nam
1221 952 1361 1022 abreptus
1376 953 1487 1006 naturae

336 1034 401 1087 tuae
430 1032 540 1089 feruore
562 1034 591 1089 in
616 1035 730 1090 Catonis
754 1050 839 1090 causa
863 1031 1026 1087 sustinenda
1048 1033 1111 1101 plus
1135 1050 1217 1101 quam
1242 1049 1345 1087 omnes
1370 1033 1488 1086 oratores

336 1111 432 1166 laedes
457 1114 596 1182 potentes.
640 1115 755 1170 dixeris:
786 1115 839 1169 hac
868 1113 931 1183 ipsa
961 1127 990 1165 re
1021 1113 1171 1183 captantur
1195 1112 1323 1182 plausus.
1372 1127 1440 1180 quos
1466 1109 1487 1163 si

336 1190 462 1263 quaeris,
482 1194 561 1249 abice
580 1193 666 1250 etiam
681 1195 759 1249 illam
776 1211 808 1248 ex
823 1191 909 1248 studii
922 1190 965 1244 tui
980 1191 1128 1248 securitate
1146 1193 1269 1262 petitam
1284 1191 1486 1254 defensionem

336 1271 392 1326 iam
418 1274 492 1328 enim
516 1275 656 1331 confiteris
684 1277 713 1330 te
736 1274 863 1329 consulto
886 1271 990 1339 eligere
1018 1289 1073 1342 quo
1096 1269 1150 1328 tibi
1178 1272 1274 1342 perias
1300 1268 1486 1326 aduersarium

340 1354 518 1422 superiorem.
539 1356 680 1426 -igitur
701 1355 870 1410 uocabulum
892 1353 990 1423 quietis
1010 1352 1178 1422 superfluum
1203 1353 1247 1422 (de
1268 1353 1334 1407 sola
1357 1350 1432 1406 enim
1450 1365 1487 1403 se-

338 1433 457 1489 curitate
480 1439 523 1490 est
546 1437 647 1506 sermo)
671 1439 737 1505 apte
765 1437 874 1489 mutare
904 1432 1007 1486 studui.
1048 1450 1113 1487 narn
1141 1432 1211 1487 mihi
1239 1433 1361 1502 quidem
1384 1429 1486 1487 addita·

337 1517 476 1583 mentum,
500 1518 573 1585 quod
595 1517 772 1571 Andresenns
796 1532 837 1571 ex.
861 1532 902 1583 gr.
926 1513 1073 1584 proposuit
1094 1514 1141 1568 sed
1163 1530 1192 1567 eo
1215 1513 1336 1580 facilius
1355 1514 1393 1568 ad
1412 1525 1487 1566 aures

334 1596 474 1664 principis
487 1598 693 1666 permauabuut
710 1612 808 1666 parum
827 1593 893 1647 huic
911 1593 974 1647 loco
994 1592 1239 1648 adcommodatum
1257 1593 1384 1648 uidetur.

409 1680 443 1729 40
462 1677 612 1746 inquibus
630 1677 763 1746 expressis
781 1676 807 1729 si
824 1674 935 1744 quando
957 1690 1059 1728 neeesse
1081 1674 1118 1727 sit
1134 1688 1189 1742 pro
1203 1675 1386 1742 periclitante
1404 1670 1485 1724 amico

333 1756 520 1823 potentiorum
543 1773 623 1810 aures
647 1757 786 1824 offendere.
833 1755 928 1824 potest
955 1756 1048 1808 orator
1071 1751 1280 1809 necessitudine
1306 1753 1405 1821 aliqua
1429 1748 1486 1818 cogi

338 1834 375 1888 ad
402 1833 608 1903 suscipiendam
637 1851 749 1889 cansam
777 1835 975 1904 periculosam
1005 1833 1052 1889 sed
1079 1833 1146 1887 talis
1175 1848 1272 1888 sensus
1303 1833 1418 1902 qnando
1448 1830 1486 1884 ita

338 1913 431 1967 uerbis
455 1916 498 1968 est
520 1916 671 1985 conceptus
695 1916 881 1970 controuersia
905 1915 1001 1983 aliqua
1023 1931 1056 1968 en
1080 1918 1187 1968 oratore
1206 1914 1394 1982 exprimitur?
1435 1927 1486 1965 non

339 1994 406 2048 tulit
424 1994 475 2048 has
493 2012 582 2065 nugas
598 1993 710 2066 Lipsius
723 1994 924 2066 proposuitque
938 1995 1069 2061 expressit
1087 1994 1223 2063 siquando
1236 1995 1400 2060 necessitas3
1420 2006 1485 2062 qnae

338 2091 418 2128 aures
446 2074 619 2144 singulorum
647 2073 847 2130 uocabulorum
876 2073 1046 2142 grauitatem
1073 2075 1260 2143 ponderantes
1286 2074 1328 2128 sio
1352 2071 1485 2129 collocata

341 2154 458 2223 cupiunt
479 2157 623 2226 necessitas
645 2156 671 2210 si
693 2155 803 2224 quando
827 2155 965 2224 expressit.
1004 2154 1085 2209 mitto
1108 2155 1322 2224 Heumannum‚
1347 2153 1396 2222 qni
1414 2164 1485 2204 more

338 2234 435 2288 multis
447 2237 580 2290 consueto
590 2235 663 2303 quod
675 2234 805 2304 expedire
814 2233 923 2304 nequiit
932 2235 1047 2304 expulit.
1065 2235 1203 2305 temptaui
1213 2252 1247 2289 en
1256 2252 1286 2290 re
1295 2236 1372 2304 ipsa:
1383 2232 1416 2287 cf.
1427 2230 1483 2283 l'er.

337 2315 423 2368 Andr.
435 2319 496 2382 359,
509 2315 575 2371 Hor.
586 2317 637 2370 sat.
648 2315 675 2370 ΙΙ
686 2321 709 2382 6,
721 2320 762 2381 ts,
777 2313 909 2368 Placidus
919 2331 946 2384 p.
957 2320 1000 2384 37,
1012 2320 1044 2368 15
1055 2315 1195 2384 (Ueneri).
1220 2318 1249 2369 et
1263 2315 1337 2369 bene
1347 2314 1401 2366 hoc
1410 2323 1484 2379 prae·

339 2393 460 2465 ponitur‚
474 2395 563 2449 tacita
577 2413 639 2450 cnrn
654 2395 692 2449 sit
706 2394 843 2464 oppositio
865 2395 932 2449 ‘non
947 2394 1075 2449 consulto
1091 2395 1120 2449 et
1132 2394 1299 2448 meditatis’.
1316 2424 1351 2436 -·
1367 2394 1482 2446 ceterum

339 2473 404 2526 uide
429 2491 464 2528 an
484 2477 669 2543 potentiormn
693 2474 720 2528 in
739 2475 895 2543 potentium
922 2475 959 2530 sit
981 2475 1153 2530 mutandum,
1196 2474 1391 2544 potentiorum
1415 2468 1483 2525 enim

339 2553 415 2606 recte
435 2553 467 2608 fit
485 2554 602 2623 mentio,
622 2555 645 2608 si
664 2553 837 2624 priuatorum
854 2553 927 2608 inter
941 2571 969 2607 se
985 2554 1137 2609 certamina
1151 2557 1360 2623 comparantur.
1390 2550 1484 2604 Caesar

339 2631 435 2686 autem
461 2631 575 2700 eiusque
600 2634 684 2689 amici
707 2635 808 2688 cuncta
830 2635 970 2703 gerentes,
995 2631 1020 2687 si
1043 2650 1106 2688 cum
1129 2633 1249 2703 priuatis
1274 2631 1483 2702 componuntnr,

338 2711 380 2765 ita
408 2715 475 2767 sunt
499 2715 670 2782 potentiores
697 2716 730 2768 nt
758 2713 815 2768 fere
842 2713 962 2768 ridicula
986 2712 1024 2767 sit
1047 2714 1232 2784 comparetio;
1256 2715 1334 2769 unde
1356 2712 1399 2767 illi
1422 2710 1482 2764 sirn-

339 2791 452 2862 plioiter
473 2795 602 2862 potentes
625 2794 729 2863 ubique
753 2793 880 2849 andiunt,
922 2792 1053 2864 prouenit
1080 2793 1198 2848 fortasse
1221 2794 1326 2850 uitium
1355 2811 1389 2848 ex
1414 2807 1482 2845 oom-

339 2872 469 2940 paratiuc
488 2876 672 2944 praecedente
691 2875 869 2944 supemorem,
888 2875 967 2929 cuins
986 2875 1070 2943 longe
1090 2874 1133 2930 est
1152 2874 1309 2930 alienatio.

242 2975 264 3012 c.
285 2956 319 3010 11
410 2959 427 3006 4
460 2972 478 3008 a
510 2956 669 3010 laniatione
699 2973 791 3011 eorum
823 2958 966 3026 dipressus.
1016 2955 1136 3024 pergunt
1165 2953 1248 3009 hodie
1276 2972 1365 3025 praue
1397 2950 1481 3005 dicere

343 3033 465 3104 ‘digredi
484 3051 501 3088 a
519 3035 723 3117 propositofipt
743 3033 913 3106 ‘digressio‘,
931 3034 987 3104 ipsi
1004 3036 1113 3089 ueteres
1137 3051 1200 3088 oum
1223 3036 1273 3089 aut
1298 3033 1417 3104 ‘egredi'
1436 3028 1481 3083 aut

342 3114 480 3184 ‘degredi’
504 3114 632 3169 dixerint.
669 3132 705 3170 ne
720 3115 918 3170 obliuiscamnr
936 3132 1015 3185 ergo,
1036 3115 1129 3170 medio
1148 3133 1218 3171 aeno
1236 3118 1267 3171 di
1283 3118 1313 3172 et
1327 3109 1481 3170 denecales

339 3198 475 3263 perpetuo
494 3193 568 3248 inter
586 3211 615 3248 se
635 3193 763 3248 confusas
781 3211 850 3248 esse.

411 3273 606 3328 suscitatione
629 3274 834 3343 trapoediorum
856 3280 880 3329 et
903 3277 1011 3346 inpredi
1033 3278 1137 3344 (amam
1155 3279 1317 3347 auspicatus
1335 3293 1407 3341 snrn,
1425 3283 1480 3325 nrm

340 3353 454 3421 quidem.
492 3352 525 3406 ut
544 3353 672 3422 exempla
695 3371 712 3407 a
736 3353 912 3424 Schultingio
935 3356 1079 3427 adscripta
1100 3359 1210 3426 (lustini
1233 3364 1281 3428 26,
1303 3365 1335 3412 12
1360 3349 1480 3422 auspicia

340 3431 404 3485 belli
430 3432 603 3500 incipientes,
632 3434 759 3489 Suetonii
785 3431 843 3502 Cal.
872 3440 906 3489 54
933 3454 1015 3505 qnam
1042 3444 1073 3492 nt
1099 3438 1213 3492 initium
1228 3479 1234 3490 .
1249 3476 1257 3492 .
1273 3482 1279 3494 .
1294 3436 1479 3506 auspicaretur

340 3510 463 3582 aliaque)
484 3512 598 3584 docent,
622 3513 661 3570 sic
685 3515 755 3570 haec
778 3515 1002 3584 interpretanda:
1032 3517 1164 3572 ‘feliciter
1190 3516 1271 3587 coepi
1299 3519 1391 3572 famae
1411 3525 1478 3566 oom-

340 3592 435 3660 pctem
454 3592 515 3646 fieri
534 3610 566 3647 ec
586 3595 711 3664 quidem,
732 3596 826 3665 quod'.
864 3594 1038 3665 ingredimur
1053 3597 1126 3651 enim
1145 3596 1282 3667 quidquid
1300 3597 1427 3666 paratum
1445 3585 1477 3640 ad

340 3687 483 3740 accessum
502 3673 591 3730 libero
611 3678 640 3731 et
655 3675 735 3730 sacili
759 3674 838 3730 aditu
860 3675 941 3732 nobis
964 3680 1051 3747 patet
1093 3678 1188 3746 itaque
1211 3673 1406 3748 praelegendis
1428 3672 1478 3722 tra·

339 3753 447 3823 goediis
471 3754 577 3810 famam
599 3757 657 3810 iam
679 3773 736 3810 non
758 3757 904 3812 obscuram
927 3757 1120 3827 incertamque
1145 3757 1193 3812 sed
1217 3759 1344 3826 apertam
1368 3756 1396 3808 et
1417 3747 1477 3803 unit

340 3831 426 3902 pedes
445 3835 528 3888 sitam
547 3835 672 3890 intrabat
689 3836 845 3902 Maternum
864 3837 939 3892 recte
959 3837 1107 3891 conferunt
1125 3835 1181 3891 cic.
1201 3836 1237 3889 ad
1256 3835 1361 3892 famil
1378 3837 1411 3886 23
1429 3837 1476 3896 qut

339 3915 383 3968 die
409 3916 531 3982 primum
559 3915 591 3968 in
614 3931 694 3984 spem
726 3917 860 3971 libertatis
890 3918 1028 3987 inpressas
1059 3933 1126 3970 sum.
1179 3916 1274 3985 itaque
1301 3912 1425 3984 improbo
1451 3905 1477 3958 ei

341 3995 500 4048 Ernestium
529 3995 638 4065 inpredi
663 3996 803 4051 delentem
827 3999 856 4050 et
878 3996 1031 4052 uiolentam
1060 3995 1177 4052 Useneri
1204 3997 1389 4052 coniecturam
1414 4005 1435 4042 r.
1458 3987 1474 4036 t·

338 4076 391 4128 mei
413 4076 508 4144 inpeni
529 4075 633 4142 samam
657 4082 812 4146 aucupatus
833 4094 906 4132 siun:
929 4077 994 4131 oiim
1016 4076 1137 4146 quidem,
1160 4076 1189 4130 in
1212 4094 1267 4147 qna
1288 4079 1317 4130 et
1335 4072 1475 4129 uerborum

339 4154 391 4207 mei
409 4155 504 4224 inpeni
524 4157 584 4224 (pro
598 4156 618 4210 i.
632 4158 678 4224 m.)
698 4156 846 4211 collocatio
861 4158 976 4212 absente
990 4155 1167 4226 oppositione
1186 4153 1412 4226 inportunissima
1429 4146 1473 4198 esi·

411 4241 427 4287 9
457 4252 518 4289 oum
545 4237 652 4305 quictem
676 4236 708 4290 in
737 4237 872 4292 Neronem
900 4236 1051 4306 improbam
1135 4239 1294 4306 potentiam.
1341 4233 1379 4289 sic
1407 4237 1473 4280 nnnc

232 4343 234 4351 ι
341 4314 443 4369 scimus
469 4321 493 4368 n
526 4315 619 4385 legere
646 4316 690 4384 (of.
715 4333 799 4385 snpra
825 4336 852 4387 p.
880 4320 938 4387 ill:
971 4316 1080 4370 Nerone
1107 4316 1210 4371 omissa
1238 4315 1344 4370 scilicet
1370 4301 1473 4376 ungula

340 4393 442 4448 leniter
464 4394 592 4464 peccauit
617 4399 652 4452 ir.
692 4396 745 4449 hac
771 4399 862 4451 autem
888 4395 1027 4465 scriptura
1052 4396 1159 4454 inuisus
1184 4396 1213 4451 L.
1240 4395 1387 4450 Muellerus
1406 4381 1471 4438 ref·

340 4474 407 4528 tatis
430 4477 507 4529 recte
530 4475 655 4543 priorum
679 4477 842 4531 commentis
867 4478 910 4547 (ut
931 4477 952 4529 l.
972 4474 1001 4530 F.
1021 4475 1154 4531 Gronouii
1176 4478 1208 4532 in
1230 4472 1371 4537 Neroniis)
1389 4465 1472 4530 difllss·
