3296 5168
448 416 738 473 COMMENTARIVS
758 417 924 473 ORITIOVS
944 417 972 475 (l.
993 424 1107 473 34-36,
1310 417 1352 482 93

207 577 357 632 Ernestins.
404 577 487 633 iutret
513 579 659 648 praeterea
687 578 800 650 scripsit
826 579 1022 649 Nipperdeius.
1064 580 1255 636 raureutiaest
1277 596 1307 634 eo
1331 578 1354 634 si

207 656 339 727 legimus,
358 673 447 726 neque
466 661 498 712 ut
517 659 726 714 coniunctiunm
743 658 922 714 restituamus
941 661 1053 729 oportet
1067 661 1096 715 et
1111 656 1222 714 constat
1241 658 1276 713 de
1295 676 1353 714 eor·

207 736 334 807 ruptelae
354 737 461 808 origine
481 738 548 808 (EO
564 738 596 794 in
614 739 673 794 ΕΙ)
692 740 875 816 deprecatum
894 739 981 794 traxit
1000 740 1112 810 cetera).
1213 735 1216 738 ’

278 824 311 872 14
341 835 374 873 ex
403 820 446 873 bra
471 822 613 876 suasoriae
642 821 749 890 quidem
779 820 829 873 etsi
856 824 994 890 tamquam
1015 822 1098 890 plaue
1130 822 1252 876 leuiores.
1294 821 1353 876 siue

149 899 152 905 ’
209 899 316 967 quidem
338 899 389 952 etsi
412 899 472 954 siue
495 901 562 969 quid
584 905 609 955 ct
631 902 657 954 si
677 898 708 953 in
732 904 750 952 0
774 899 860 955 fuisse
880 899 1014 970 scriptum
1033 901 1148 971 statuis,
1172 904 1247 957 certe
1264 902 1291 956 si
1308 901 1354 954 lit

209 979 286 1045 terae
309 978 383 1033 unde
406 978 570 1050 irrepserint
592 979 706 1034 difficile
731 979 816 1034 dicas.
856 982 897 1036 sic
920 981 994 1050 quod
1017 980 1082 1036 inde
1106 981 1200 1036 effecit
1225 979 1353 1050 Orellius‚

210 1074 266 1112 non
284 1059 367 1113 modo
387 1077 421 1114 ex
440 1059 553 1130 dialogo
574 1060 609 1131 [c.
630 1061 676 1131 13]
695 1061 735 1115 sic
753 1063 833 1130 quasi
852 1063 1016 1131 Aaoustum,
1041 1063 1090 1117 sed
1109 1063 1194 1118 etiarn
1213 1060 1354 1118 Ciceronis

210 1136 298 1214 [Brut.
319 1138 365 1209 71]
386 1140 480 1196 uerbis
502 1139 619 1212 Odyssia
638 1142 728 1196 latiua
746 1146 784 1196 est
801 1142 842 1196 eie
860 1147 999 1212 tamquam
1016 1159 1085 1212 opue
1103 1144 1215 1213 aliquod
1233 1143 1355 1198 Daedali

208 1217 358 1272 stabilitur.
395 1218 536 1275 eiecerunt
553 1221 579 1275 si
596 1219 671 1276 Itali.
1092 1243 1095 1248 ¹

281 1304 312 1353 11
341 1300 464 1368 sepiatur
492 1306 581 1356 autem
609 1306 640 1356 at
667 1301 797 1356 materiae
824 1300 982 1358 abhorrenti
1009 1319 1028 1356 a
1053 1303 1169 1357 ammte
1193 1301 1354 1356 declamatio

208 1395 312 1449 quoque
335 1381 506 1436 adhibeatur.
548 1383 588 1436 sic
609 1382 641 1449 a
664 1388 695 1437 at
710 1424 716 1438 .
732 1424 738 1436 .
755 1422 761 1435 .
778 1423 783 1434 .
794 1388 1006 1450 persequuntur.
1052 1383 1131 1438 naria
1159 1381 1353 1451 excogitauere

209 1475 264 1528 quo
283 1460 458 1527 declamatio,
482 1478 553 1531 quae
576 1478 628 1532 per
650 1478 679 1516 se
702 1462 845 1516 nonsatis
868 1463 955 1519 habet
973 1463 1117 1534 ponderis,
1139 1465 1354 1519 sustentaretur:

208 1541 281 1608 post
291 1555 395 1609 quoque
413 1539 582 1595 addiderunt
600 1542 699 1596 similia
717 1540 864 1611 Pithoeus,
878 1560 936 1612 par
954 1545 1000 1599 uel
1014 1546 1079 1600 talis
1092 1543 1244 1613 Acidaliae,
1264 1545 1355 1599 eadem

210 1616 389 1688 Spengelins,
411 1638 488 1675 uaua
504 1621 636 1691 Orellius‚
656 1623 813 1676 adulterina
832 1624 1020 1692 Andresenns3
1041 1625 1097 1680 alio
1117 1622 1235 1678 sanandi
1253 1639 1354 1692 genere

208 1698 447 1768 Bezzenbergerus
468 1702 626 1757 abhorrenti
644 1720 662 1756 a
680 1704 795 1757 ueritate
813 1703 981 1774 <abhorreas
1005 1723 1022 1760 a
1041 1703 1176 1777 ueritate>
1194 1703 1364 1768 declamatio

209 1796 313 1850 quoque
341 1782 504 1837 adhibeatur
531 1780 688 1852 proposuit;
724 1781 844 1850 denique
871 1782 1017 1839 Michaelis
1045 1785 1166 1840 coniecit
1193 1784 1355 1838 adhibeatur

209 1860 314 1914 similis.
348 1862 431 1916 uelut.
469 1863 498 1917 et
522 1863 567 1916 hic
591 1861 704 1931 quidem
728 1864 804 1916 recte
826 1863 981 1932 perspexit,
1006 1864 1045 1919 sic
1069 1881 1128 1919 esse
1153 1862 1355 1918 instituendam

209 1939 264 1995 loci
282 1941 522 2011 emendationem,
541 1944 572 1996 ut
591 1942 621 1997 in
639 1942 693 1996 line
713 1943 854 2010 sequentis
874 1944 1014 1999 enuntiati
1027 1962 1082 1999 non
1099 1944 1185 1998 simul
1201 1943 1355 1997 inmutetur

208 2019 280 2074 illud
298 2029 503 2092 pereepurmtur
529 2024 709 2093 (Puteolanus
734 2023 944 2077 coniunctiuum
961 2024 1108 2094 exhibuit).
1146 2026 1289 2080 undenos
1309 2023 1355 2076 de-

209 2099 300 2154 dimus
327 2103 491 2158 adhibeatur
517 2105 591 2172 licta.
618 2105 670 2158 sic:
704 2100 850 2157 intercidit
876 2103 943 2170 ficta
970 2107 1036 2159 ante
1063 2106 1115 2173 sic,
1144 2105 1244 2159 deinde
1272 2120 1356 2173 supra

208 2180 313 2236 lineam
331 2183 493 2252 adpositum
511 2183 552 2239 sic
570 2185 718 2239 uerborum
739 2183 883 2237 contextui
901 2199 988 2252 praue
1006 2184 1141 2238 insertum
1160 2185 1202 2238 est
1221 2185 1253 2237 ut
1272 2183 1355 2237 simul

209 2259 239 2313 in
256 2262 288 2329 fit
306 2266 338 2316 ut
356 2262 455 2318 abiret.
491 2263 524 2317 el.
540 2279 563 2317 e.
578 2268 611 2316 31
630 2264 701 2330 dctis
719 2279 768 2317 aec
785 2263 934 2316 ullomodo
952 2264 990 2318 ad
1008 2264 1149 2318 acritatem
1167 2263 1356 2317 accedentibus

209 2342 413 2409 contrauersim
435 2339 551 2406 Quintil.
571 2341 596 2395 ll
615 2347 644 2408 4,
664 2348 697 2396 41
716 2343 781 2409 rima
799 2343 921 2397 materia.

281 2419 322 2475 De
346 2438 450 2491 magna
473 2437 555 2491 quarn
579 2420 634 2490 ipsi
652 2420 779 2476 indicant
798 2422 907 2476 codices
925 2422 1027 2476 lacuna
1045 2422 1114 2476 haec
1132 2422 1281 2476 adnotasse
1301 2421 1355 2475 suf·

209 2500 276 2555 ficit.
312 2518 379 2555 nam
403 2518 465 2556 cum
489 2501 539 2556 alii
557 2501 614 2556 alia
637 2502 798 2569 statuerint,
823 2501 851 2555 in
871 2518 903 2556 eo
926 2501 1053 2572 plerique
1072 2501 1260 2571 consentiunt,
1280 2504 1354 2571 post·

210 2597 295 2649 quam
314 2581 436 2637 finiuerit
454 2582 575 2637 Messala
594 2584 656 2652 (nec
674 2581 716 2636 ita
733 2583 824 2637 multa
843 2583 902 2637 sius
920 2583 1015 2652 uerba,
1034 2582 1063 2637 ni
1082 2582 1174 2651 fallor,
1193 2581 1354 2652 perierunt),

210 2662 267 2718 iam
296 2662 454 2717 Secundum
482 2661 524 2717 ita
548 2678 608 2717 sess
636 2661 808 2719 inmiscuisse
833 2663 955 2719 sermoni
981 2665 1013 2718 ut
1041 2664 1101 2734 ipse
1130 2679 1240 2733 quoque
1267 2678 1355 2717 nouas

210 2741 347 2812 proferret
365 2742 488 2798 rationes
506 2742 628 2811 ingentis
647 2741 724 2797 illius
738 2743 812 2799 inter
825 2762 938 2800 suorum
952 2746 1110 2814 temporum
1130 2747 1159 2799 et
1177 2743 1355 2813 antiquorum

211 2823 400 2891 eloquentiam
414 2824 596 2879 differentiae.
625 2822 753 2892 pollicito
769 2823 844 2878 enim
859 2825 1004 2892 Messalae,
1024 2826 1186 2894 aperturum
1201 2840 1260 2878 sese
1280 2822 1355 2892 eogi-

210 2903 332 2958 tationes
351 2921 416 2958 suas
435 2903 633 2959 adiuuantibus
652 2920 807 2958 sennonem
830 2904 928 2959 amicis
953 2904 988 2974 [c.
1010 2904 1069 2975 16],
1092 2904 1275 2973 responderat
1297 2902 1354 2956 Ma-

209 2986 318 3052 ternus,
346 3001 375 3038 ss
409 2987 438 3039 et
466 2982 623 3040 Secundum
655 2984 748 3055 partes
777 2985 812 3039 ab
844 2984 895 3039 illo
925 2983 1037 3039 relictas
1064 2985 1235 3039 executuros.
1280 2983 1355 3036 male

211 3064 324 3119 hercule
349 3064 463 3119 Tacitus
486 3064 644 3119 Maternum
663 3065 732 3118 haec
754 3062 868 3118 fecisset
885 3063 1074 3133 profitentem,
1096 3064 1120 3118 si
1137 3065 1235 3133 postea
1254 3062 1355 3116 Secun-

211 3143 262 3198 dus
281 3144 316 3199 de
335 3163 384 3200 suo
402 3144 474 3199 nihil
493 3144 649 3200 adiecisset.
685 3160 737 3198 neu
756 3142 890 3214 quidnam
909 3143 955 3197 hic
972 3143 1130 3213 protulerit,
1149 3142 1179 3196 in
1196 3141 1356 3196 uniuersum

211 3224 324 3294 quidem
347 3243 398 3280 nos
422 3226 506 3294 latet,
530 3224 669 3294 siqnidem
696 3224 858 3280 referendus
881 3225 925 3277 est
948 3225 1103 3280 necessario
1131 3223 1204 3277 inter
1232 3221 1357 3290 singulos¹
1402 3279 1405 3286 .

210 3304 287 3370 lllos,
308 3305 357 3373 qui
374 3308 446 3360 teste
465 3306 556 3377 primo
576 3305 668 3375 capite
688 3305 813 3360 diuersas
827 3319 874 3357 eas
889 3303 1002 3371 quidem
1016 3304 1065 3358 sed
1083 3301 1243 3373 probabiles
1257 3317 1355 3357 causas

212 3387 358 3455 corruptae
382 3386 559 3455 eloquentiae
583 3387 740 3441 attulerunt
763 3386 808 3454 (cf.
831 3382 873 3437 ibi
895 3382 1048 3452 adnotata).
1090 3384 1160 3438 haec
1183 3384 1215 3437 ut
1233 3381 1356 3451 simplici

212 3463 444 3520 commendantur
461 3465 684 3536 ratiocinatione,
702 3466 744 3519 ita
761 3481 797 3530 ne
812 3462 867 3516 alio
881 3462 943 3517 loco
958 3480 1042 3531 quarn
1060 3465 1155 3518 nostro
1169 3462 1354 3532 interceptam

213 3561 273 3600 esse
301 3544 422 3600 Secundi
450 3546 604 3601 orationem
632 3561 773 3600 sumamus
800 3543 895 3598 omnia
921 3543 1077 3612 prohibent.
1116 3561 1181 3597 nam
1211 3542 1269 3597 sine
1297 3542 1356 3596 ulla

211 3641 295 3678 causa
318 3625 468 3680 nonnullos
491 3625 521 3680 in
543 3624 683 3696 capitibus
706 3630 740 3678 40
760 3626 789 3679 st
807 3628 841 3676 42
867 3639 954 3677 nouas
978 3623 1092 3678 lacunas
1111 3621 1273 3690 agnouisse,
1298 3621 1354 3674 suis

210 3705 373 3759 ostendetur
390 3705 467 3760 loeis.
497 3706 654 3761 Secundum
674 3705 768 3760 antem
787 3703 896 3773 excepit
909 3701 1052 3757 Maternus
1068 3705 1100 3772 (c.
1117 3708 1150 3756 35
1166 3703 1234 3756 extr.
1251 3733 1283 3740 -
1298 3703 1354 3770 41).

283 3792 303 3841 t·
324 3791 414 3840 taurea
440 3788 491 3842 illa
511 3786 719 3856 perturbatione
745 3801 779 3839 aa
812 3785 924 3839 licentia
950 3785 1039 3853 plura
1065 3784 1120 3838 sibi
1144 3784 1252 3852 assequi
1278 3785 1356 3838 uide-
1374 3801 1397 3839 c.
1416 3783 1454 3839 36

211 3867 320 3920 bantur.
357 3865 497 3920 inutiliter
519 3867 547 3921 in
570 3866 653 3921 huius
677 3864 815 3920 enuntiati
837 3864 944 3935 protasi
962 3864 1072 3919 odorati
1091 3865 1155 3918 sunt
1174 3862 1354 3917 difficultates

212 3945 404 4016 Schultingius
427 3948 515 4002 tribui
536 3948 582 4015 fas
604 3963 659 4001 uon
683 3950 741 4000 erat
764 3946 794 3999 et
811 3945 988 4000 Androsenus
1011 3947 1097 4001 tribui
1116 3943 1271 4012 deluserat
1290 3960 1354 3998 con-

209 4026 333 4082 icientes.
362 4026 416 4082 etsi
431 4044 503 4082 nunc
522 4043 640 4097 quoque,
659 4024 750 4093 inquit
764 4025 916 4095 Maternus,
935 4029 1059 4081 oratores
1078 4025 1220 4081 consecuti
1238 4028 1303 4081 sunt
1321 4043 1355 4082 ea

211 4123 282 4175 quae
307 4107 358 4162 sub
382 4108 435 4162 hoc
458 4106 535 4161 felici
553 4104 720 4176 Vespasiani
738 4105 896 4177 principatu
909 4105 1002 4178 tribui
1020 4106 1077 4161 illis
1098 4105 1179 4160 licuit
1202 4108 1268 4176 (non
1288 4122 1355 4160 sans

210 4187 348 4256 praemia,
367 4204 438 4258 quae
462 4187 513 4242 sub
532 4187 643 4242 Nerone
667 4185 869 4255 contingebant
891 4184 1019 4255 pessimis
1043 4184 1237 4254 delatoribus),
1259 4187 1354 4240 tamen

211 4283 245 4322 ea
268 4285 340 4337 quae
364 4270 425 4324 tum
450 4266 550 4338 (libera
573 4265 682 4322 scilicet
703 4265 858 4336 republica)
883 4257 1021 4336 regnabat
1042 4265 1252 4335 perturbatione
1274 4265 1355 4334 plura

210 4346 274 4402 illos
292 4350 456 4404 consecutos
475 4363 534 4402 esse
553 4362 597 4401 res
620 4346 682 4416 ipsa
704 4344 822 4400 ferebat.
859 4345 962 4400 dicitur
982 4347 1032 4400 illa
1049 4346 1254 4415 perturbatione
1271 4346 1354 4415 plane

211 4426 309 4484 eodem
331 4427 416 4484 modo
440 4429 525 4496 atque
550 4443 572 4481 c.
592 4431 627 4482 38
650 4426 829 4497 eloquentiam
851 4431 941 4481 tamea
963 4427 1035 4480 illud
1059 4427 1149 4494 forum
1169 4430 1212 4496 (ε
1231 4426 1262 4480 id
1280 4425 1355 4495 quod

210 4509 271 4564 turn
301 4511 361 4564 erat
387 4509 489 4577 forum)
511 4507 599 4577 mauis
626 4507 774 4562 marcebat:
803 4506 915 4578 spectat
941 4507 992 4562 illa
1021 4506 1058 4562 ad
1085 4509 1208 4572 ueteres,
1237 4521 1355 4576 quorum
