3296 5168
313 361 356 425 86
640 355 931 414 COMMENTARIVS
951 353 1125 411 calulate.

312 519 399 576 uerba
421 519 489 574 dnm
511 518 634 573 Messala
655 516 793 586 loquitur,
820 515 985 586 nentiquam
1012 515 1138 570 dicturos
1160 517 1222 570 crat
1244 515 1279 569 de
1300 516 1462 571 rhetoricae

313 598 495 670 professionis
513 598 543 652 in
556 599 653 653 urbem
667 597 887 662 introductione,
905 602 965 650 turn
984 595 1106 664 demum,
1125 613 1188 649 cnm
1207 613 1230 649 c.
1246 602 1280 650 33
1300 611 1318 648 a
1331 596 1462 650 Materno

313 679 472 735 admonitus
491 681 567 734 esset
583 678 617 732 ut
635 679 669 732 de
688 677 819 732 iuuenum
840 675 956 743 antiqno
978 677 1106 746 tempore
1125 675 1373 732 exercitationibus
1390 692 1462 730 non-

312 757 392 814 nulla
413 758 548 826 adiceret,
576 774 599 811 c.
623 763 658 812 35
680 757 753 810 hanc
776 772 887 825 quoque
915 773 974 810 rem
1001 757 1108 826 attigit.
1150 757 1285 811 docuerat
1309 758 1363 811 hoc
1391 756 1462 813 olim

314 839 495 910 Spengelius,
515 837 610 893 docuit
628 835 815 906 Nipperdeius
835 836 944 907 [opusc.
958 855 986 906 p.
1001 837 1079 908 ³51];
1099 853 1217 905 qnorum
1236 837 1283 891 hic
1300 854 1357 892 non
1375 838 1462 892 latins

312 920 439 974 dinnrus
461 916 543 985 lusit,
566 933 617 972 nec
641 914 813 986 probabilius
837 916 983 971 Michaelis
1006 919 1063 972 iam
1085 933 1143 971 nan
1160 923 1362 986 pasceremus.
1400 918 1461 974 sine
1521 957 1531 976 .

314 1002 373 1058 ullo
391 1000 505 1070 negotio
524 997 608 1054 elicui
624 998 751 1051 babuerit
768 1013 880 1052 secnrns
897 999 991 1052 statim
1008 999 1138 1064 reseram,
1161 998 1194 1051 ut
1214 1014 1277 1052 cum
1297 1001 1462 1070 contemptu

315 1081 438 1152 quodam
462 1078 531 1133 artis
555 1076 635 1132 istius
657 1076 718 1130 tata
739 1075 811 1130 nihil
835 1091 864 1130 se
888 1094 984 1132 curare
1007 1078 1107 1132 innuat
1124 1077 1257 1145 Messala,
1281 1077 1401 1134 tortasse
1419 1098 1461 1134 re-

315 1162 458 1228 cordatus,
479 1158 553 1228 quod
572 1155 609 1210 ad
628 1156 864 1212 constructionem
883 1158 999 1226 attinet,
1022 1156 1207 1212 Horatianum
1228 1159 1296 1227 qnid
1316 1158 1463 1214 Tiridaten

315 1247 416 1296 terreat
433 1240 513 1294 unice
530 1252 649 1291 sectans.
686 1234 798 1289 uidetur
816 1237 911 1293 antem
929 1239 976 1292 hic
995 1255 1106 1308 quoqne
1130 1237 1242 1307 signum
1262 1238 1464 1308 transponendi

316 1321 490 1391 adscriptum
513 1316 637 1372 effecisse
662 1313 774 1370 litterae
796 1331 810 1370 s
833 1316 861 1369 in
885 1319 904 1372 d
927 1318 1142 1388 corruptionem.
1162 1349 1195 1358 -
1215 1315 1256 1372 sic
1279 1334 1332 1388 ego
1355 1317 1463 1373 dudum

316 1399 498 1468 conieceram,
517 1415 580 1453 cnm
594 1395 706 1450 Meiseri
719 1411 906 1466 programma,
921 1399 987 1452 dum
1000 1399 1045 1452 his
1059 1415 1197 1452 summanr
1210 1399 1243 1451 nt
1256 1397 1336 1452 aiunt
1348 1416 1462 1453 manum

316 1478 439 1549 impono,
458 1479 575 1532 nanctus
594 1493 693 1531 uerum
711 1474 766 1529 iam
786 1476 851 1530 ante
869 1493 914 1533 me
934 1481 1075 1548 repertum
1095 1495 1154 1533 esse
1173 1477 1367 1533 animaduerti.

388 1564 421 1612 22
446 1559 532 1612 altine
554 1559 690 1626 inpensae
713 1556 782 1612 artis
804 1558 946 1612 scientiam
969 1557 1046 1612 recte'
1070 1559 1151 1627 ponit
1173 1562 1212 1626 1,
1239 1575 1302 1619 cum
1327 1561 1464 1628 inpennae

316 1640 462 1707 tamquam
480 1653 536 1691 uox
554 1635 694 1692 efferenda
711 1635 846 1705 praeponi
864 1636 979 1704 debeat;
1004 1639 1038 1694 cf.
1058 1642 1087 1694 et
1106 1638 1161 1695 Cic.
1181 1640 1215 1692 de
1235 1656 1273 1694 or.
1292 1640 1305 1692 Ι
1325 1645 1358 1694 ‘13
1377 1641 1463 1694 omni·

318 1719 368 1774 bns
385 1720 514 1787 inpensis
531 1718 639 1772 artibns
657 1717 815 1771 instrnctns.

389 1804 423 1852 26
446 1814 530 1867 neque
553 1797 672 1852 oratoris
693 1797 738 1850 nis
761 1801 787 1850 et
808 1796 929 1863 facultas
951 1798 1022 1852 nont
1045 1804 1194 1853 cetnornm
1220 1816 1311 1854 rernm
1338 1801 1465 1869 anpnstis

318 1885 342 1934 et
365 1878 493 1934 menibus
516 1877 640 1932 terminis
662 1877 792 1932 alnditnr.
834 1874 921 1930 euicit
943 1877 1044 1932 horum
1063 1880 1211 1934 uerborum
1234 1878 1465 1947 depracationem

318 1959 495 2014 Andresenns
515 1958 553 2028 [p.
575 1957 650 2028 157],
669 1955 718 2012 sed
736 1954 887 2011 infeliciter
906 1961 934 2012 et
951 1957 1015 2020 loeo
1034 1959 1173 2014 Ciceronis
1195 1959 1241 2030 [de
1261 1976 1299 2014 or.
1314 1960 1328 2013 I
1342 1960 1387 2030 bt]
1407 1977 1465 2014 non

318 2039 393 2095 recte
412 2056 477 2093 usus
496 2055 523 2093 n.
543 2051 564 2094 e.
583 2037 716 2105 facultas,
734 2038 806 2091 sient
825 2041 925 2092 ceterae
944 2045 1028 2104 anes,
1052 2044 1186 2094 certarum
1205 2056 1296 2093 rernm
1315 2057 1340 2093 a.
1359 2057 1380 2094 e.
1401 2040 1424 2094 b.
1444 2045 1463 2094 t.

318 2119 451 2186 coniecit;
474 2133 565 2188 neque
589 2117 688 2172 melius
712 2118 782 2171 Rud.
802 2116 958 2171 Schoellins
981 2117 1091 2173 sublato
1114 2120 1186 2174 sicat
1209 2118 1322 2190 scripsit
1343 2137 1371 2174 n.
1394 2125 1421 2174 et
1442 2121 1464 2186 f.

318 2207 453 2257 certarunt
471 2216 570 2254 rernm,
607 2216 705 2254 uerum
725 2198 829 2268 aperit,
848 2197 880 2250 nt
899 2214 995 2267 saepe,
1020 2197 1131 2266 Cicero,
1156 2199 1206 2270 qui
1224 2197 1329 2254 oratori
1348 2199 1467 2269 opponit

318 2288 468 2338 ceterarnrn
485 2280 605 2335 honines
624 2281 728 2334 artinrn
748 2279 795 2350 [de
815 2295 853 2334 or.
873 2278 885 2331 l
905 2278 969 2348 124]
996 2278 1025 2331 et
1047 2279 1221 2348 singularam
1238 2296 1329 2334 rernm
1348 2280 1466 2347 artifices

319 2361 398 2434 [ibid.
417 2361 430 2414 I
450 2361 522 2432 128}
560 2361 589 2415 et
612 2361 647 2414 ad
670 2361 744 2414 hunc
769 2358 882 2427 quidem
900 2357 1020 2412 alterum
1046 2358 1138 2412 locum
1157 2359 1309 2427 respexisse
1328 2357 1467 2428 Taciturn,

320 2442 405 2496 etiam
429 2440 575 2510 sequentia
598 2440 719 2495 reddunt
741 2436 897 2508 probabile.
934 2454 986 2491 nec
1009 2437 1050 2493 ita
1074 2439 1188 2494 difficile
1211 2438 1276 2508 post
1292 2440 1364 2494 sient
1382 2438 1467 2509 periit

320 2523 440 2590 artificii.
459 2553 495 2563 -
514 2519 652 2576 Knautius
672 2519 765 2589 potius
784 2519 899 2572 scientia
918 2518 983 2586 post
1000 2519 1071 2573 sient
1088 2516 1267 2574 inserendum
1286 2518 1394 2574 statuit

220 2625 242 2663 c.
263 2605 299 2662 al
392 2602 490 2657 ibaec
508 2607 546 2656 est
564 2602 635 2656 enirn
653 2601 758 2655 oraton
775 2598 897 2653 subiecta
915 2598 1014 2652 lortius
1033 2598 1115 2667 ponit
1133 2604 1172 2653 M:
1201 2599 1234 2653 cl.
1257 2616 1298 2654 ex.
1318 2617 1359 2669 gr.
1380 2616 1402 2654 c.
1423 2605 1465 2667 30,

320 2687 354 2735 24
372 2682 414 2737 ita
432 2687 469 2736 est
488 2682 568 2736 enirn.

392 2769 407 2817 9
426 2763 468 2818 ita
485 2768 517 2818 nt
535 2764 696 2833 pleramque
718 2762 783 2815 baec
804 2761 868 2828 ipsa
888 2759 1007 2814 innicern
1024 2759 1197 2816 misceantur.
1235 2758 1364 2814 Acidalio
1382 2759 1467 2814 inter·

320 2839 422 2896 cidisse
441 2843 610 2912 particulam
629 2841 838 2897 aduersatiuam
852 2838 994 2909 auspicato
1011 2841 1086 2894 recte
1101 2839 1290 2910 adstipulatus
1305 2841 1348 2894 est
1361 2839 1468 2894 Andre-

321 2927 402 2977 se'nus
423 2924 462 2995 [p.
485 2925 558 2996 14η.
595 2921 742 2994 proposuit
759 2920 808 2976 ille
826 2922 873 2976 sed
891 2922 931 2976 ita
950 2922 997 2975 uel
1015 2923 1057 2976 ita
1075 2926 1177 2988 tannen,
1202 2924 1231 2976 et
1249 2921 1303 2976 hoc
1321 2921 1466 2990 amplexus

322 3019 383 3056 sum
407 3021 474 3073 prae
498 3020 531 3066 eo
555 3004 631 3073 quod
648 3001 719 3056 mihi
741 2999 770 3055 in
788 3003 912 3056 mentem
930 3004 1047 3057 uenerat
1064 3003 1106 3056 ita
1125 3007 1221 3056 autern.
1260 3001 1384 3056 ceterum
1402 3001 1467 3057 uide

322 3100 407 3152 qnam
426 3083 527 3138 melius
547 3100 576 3138 se
595 3083 700 3137 habeat
719 3099 805 3150 graue
823 3081 895 3136 illud
914 3083 979 3136 baec
996 3083 1059 3150 ipsa
1077 3097 1144 3151 prae
1164 3081 1286 3151 simplici
1303 3083 1375 3138 haec.

394 3169 427 3220 15
445 3165 494 3234 qni
515 3165 566 3218 scit
585 3163 652 3233 qnid
670 3164 742 3227 irae,
757 3162 922 3229 promptius.
951 3160 1085 3216 Friderici
1103 3160 1198 3216 iacobi
1217 3165 1404 3218 commentum
1422 3163 1468 3217 ira

322 3248 347 3298 et
364 3243 473 3313 placuit
489 3241 580 3311 magis
600 3258 685 3311 quam
703 3239 869 3310 Lipsianum
887 3242 941 3310 ira,
962 3239 1148 3296 Pithoeanum
1167 3241 1214 3296 ira
1231 3243 1275 3310 sit,
1295 3241 1469 3298 Orellianum

321 3325 358 3380 sit
375 3325 428 3378 ira.
1289 3325 1293 3336 '

395 3407 428 3456 1e
451 3401 510 3456 nne
534 3401 611 3472 apud
633 3402 796 3457 innidentes.
834 3399 974 3470 posthoc
999 3400 1081 3456 colon
1104 3401 1135 3456 P.
1154 3399 1269 3456 Vossius
1292 3401 1389 3457 inserit
1411 3404 1471 3458 sine

322 3481 399 3552 apud
420 3482 557 3551 fauentes,
586 3485 685 3538 contra
708 3481 848 3554 Sauppius
872 3480 1017 3553 [Tulliana
1044 3500 1071 3552 p.
1097 3482 1125 3553 7]
1154 3483 1213 3536 sine
1239 3484 1316 3551 apud
1346 3484 1470 3550 fauentes

322 3563 381 3617 sinc
399 3563 476 3633 apnd
494 3565 646 3620 ennltantes
665 3565 725 3619 sine
743 3564 819 3633 apnd
837 3563 1006 3630 confidentes.

395 3650 428 3699 20
452 3646 551 3701 tenebit
572 3662 658 3702 nenas
682 3645 838 3701 animorum
860 3647 884 3698 et
903 3647 990 3711 prout
1013 3643 1142 3713 aninapne
1164 3646 1268 3698 natura
1284 3644 1469 3712 ponnlanerit

323 3724 461 3781 adhibebit
483 3743 594 3783 nonam
616 3732 640 3782 et
665 3724 823 3795 temperabit
846 3724 996 3778 orationem
1015 3727 1118 3792 parato
1141 3724 1215 3776 omni
1237 3723 1416 3780 instrumento
1444 3731 1470 3780 et

324 3805 361 3861 ad
383 3823 487 3862 omnem
509 3823 589 3861 asam
611 3806 736 3875 reposito.
773 3803 802 3857 in
825 3801 918 3858 uerbis
942 3803 1049 3858 ultimis
1072 3800 1225 3870 imaginem
1247 3819 1265 3856 a
1287 3803 1396 3860 medico
1421 3805 1469 3860 de·

325 3889 466 3956 sumptam
488 3885 564 3940 recte
588 3885 765 3955 agnouerunt
788 3882 967 3953 interpretes,
991 3882 1040 3937 sed
1058 3883 1091 3936 ut
1113 3898 1197 3950 quam
1220 3883 1277 3938 late
1297 3885 1470 3955 comparatio

323 3964 375 4022 illa
397 3965 507 4036 pateret
529 3979 584 4020 non
607 3962 813 4033 intellegerent.
860 3962 990 4017 nimirum
1019 3961 1078 4017 eius
1101 3978 1199 4016 ansam
1221 3963 1358 4018 dederant
1383 3965 1471 4020 uerba

325 4046 402 4114 apat
424 4045 537 4112 infestos
560 4075 593 4085 —
616 4043 730 4114 capides
747 4074 783 4083 -
800 4043 955 4098 inridentes
972 4075 1008 4083 -
1027 4044 1116 4097 tristes
1134 4073 1168 4083 —
1186 4045 1308 4099 timentes
1331 4043 1373 4116 (hi
1396 4043 1470 4100 enim

324 4124 441 4181 affectus
468 4141 563 4181 omnes
587 4140 637 4195 pro
663 4123 768 4179 morbis
793 4122 880 4178 animi
905 4123 1104 4192 habebantur);
1136 4140 1226 4193 neque
1255 4124 1338 4179 aliter
1363 4123 1470 4194 accipio

325 4205 397 4260 illud
415 4206 514 4260 tenebit
532 4221 618 4261 nenas
636 4206 804 4269 animorum,
827 4203 881 4259 hoc
903 4208 946 4260 est
965 4205 1079 4274 quinam
1098 4204 1137 4260 sit
1155 4221 1250 4260 eorum
1269 4207 1371 4261 animis
1390 4207 1471 4277 qnasi

324 4301 457 4340 uenarum
483 4285 580 4356 pulsus
603 4283 763 4354 temptabit.
808 4283 857 4339 sed
880 4284 1012 4339 delebant
1034 4284 1181 4340 temerarie
1204 4285 1234 4339 in
1255 4285 1373 4356 reliquis
1397 4303 1470 4341 eom-

325 4365 499 4436 parationem
512 4364 605 4420 illam:
623 4364 799 4419 Andresenns
814 4365 960 4421 scribendo
973 4370 1057 4434 pront
1071 4368 1202 4437 caiusque
1212 4363 1352 4440 (comae)
1366 4372 1471 4423 natura

321 4445 489 4517 postulabit,
508 4462 570 4502 curn
589 4448 683 4502 umen
702 4443 835 4502 facillime
853 4446 890 4502 ad
908 4446 1037 4520 animane
1054 4448 1148 4506 mente
1167 4446 1346 4519 suppleamus
1366 4447 1471 4522 acproti
