3296 5168
446 432 737 490 COMMENTARIVS
756 433 922 491 celricus
942 433 971 490 0.
993 441 1104 493 14-15.
1304 437 1347 504 69

197 596 321 651 mutauit
339 593 460 652 Orellius
478 595 509 649 in
527 600 658 650 concentu
675 594 859 666 probantibus
873 595 1027 652 editoribus
1041 597 1184 664 insecutis,
1203 599 1347 654 conferens

196 676 347 732 Frontonis
371 676 458 732 uerba
482 676 522 746 [p.
542 682 575 730 21
600 675 684 746 Nab]
709 682 864 746 quantoque
891 682 1020 732 concentu
1044 677 1220 733 laudantium
1242 681 1279 733 eit
1302 696 1346 736 ea·

131 787 135 796 ·
196 765 317 828 captum,
342 758 396 811 hoo
418 758 474 823 est,
497 759 604 824 quanta
626 756 779 826 plaudendi
807 757 968 826 concordia,
995 756 1099 811 nullius
1128 757 1236 812 scilicet
1263 761 1346 816 sibilo

195 838 330 904 inmixt03
354 852 410 906 quo
434 851 516 890 sensu
540 836 728 890 ‘concentum’
754 837 840 892 etiam
863 837 904 892 ibi
927 836 1050 907 accipias
1067 838 1117 892 ubi
1135 855 1198 892 cum
1217 838 1346 895 clamori-

198 919 252 973 bus
272 916 451 986 coniungitur
470 916 513 984 (ut
530 915 560 968 in
577 915 663 969 Plinii
681 931 782 986 paneg.
799 922 815 969 2
835 917 864 970 et
881 919 935 986 46).
965 917 1038 972 esset
1055 919 1149 972 autern
1170 919 1344 975 ‘concentus’

198 997 247 1053 hic
264 997 409 1064 ferendus,
428 997 452 1050 si
471 996 505 1051 de
525 997 720 1051 auditorum
741 997 842 1066 plausu
863 997 893 1048 et
916 995 1084 1052 clamoribus
1102 1000 1245 1067 ageretur:
1272 1017 1346 1054 nunc

198 1080 363 1134 concentum
389 1077 646 1132 scolasticorum
668 1077 716 1130 uir
730 1075 887 1145 ‘intellegas
910 1076 992 1130 aliter
1015 1093 1099 1144 quarn
1126 1080 1159 1132 ut
1186 1079 1345 1134 adulescen-

197 1159 273 1213 tulos
295 1157 377 1226 quasi
399 1157 430 1211 in
454 1157 538 1212 choro
562 1159 591 1212 et
612 1159 728 1226 regente
747 1157 881 1226 magistro
903 1156 1013 1210 confice
1030 1156 1163 1212 recitasse
1181 1157 1273 1212 animo
1291 1159 1346 1212 tibi

197 1239 296 1308 finges.
334 1237 436 1305 quibus
455 1237 538 1306 nugis
561 1237 679 1291 abiectis
704 1253 762 1292 reru
785 1236 877 1307 ipsam
899 1237 1015 1292 intuere.
1058 1238 1192 1293 clamores
1216 1239 1346 1307 spectant

197 1320 234 1374 ad
257 1319 401 1374 rhetorum
424 1316 578 1387 discipulos
608 1317 682 1372 inter
704 1333 734 1372 se
758 1319 898 1372 certantes
920 1316 1098 1386 rixantesque
1125 1318 1154 1371 in
1181 1317 1273 1371 solitis
1297 1318 1344 1372 de-

198 1396 340 1452 clamandi
358 1393 611 1450 exercitationibus.
649 1397 749 1464 quodsi
771 1397 882 1466 quaeris
906 1397 1014 1466 aIIquid
1037 1398 1112 1465 quod
1136 1414 1198 1452 cum
1223 1397 1268 1451 his
1287 1398 1343 1452 cla-

196 1478 321 1533 moribus
339 1479 381 1531 ita
404 1475 494 1546 possit
517 1475 618 1529 sociari
641 1477 673 1528 ut
696 1478 800 1533 euadat
819 1475 854 1532 ‘iv
878 1473 926 1532 διὰ
950 1478 1044 1544 δυοῖν,
1067 1482 1207 1532 conantes
1231 1494 1264 1532 ex
1282 1494 1343 1532 cou-
1416 1547 1418 1554 y

197 1560 318 1624 terrtott;
336 1557 396 1612 siue
415 1557 633 1610 contentionibus
651 1557 836 1626 deprauatum
849 1575 908 1612 esse
923 1573 955 1612 eo
974 1557 1086 1611 facilius
1099 1557 1169 1610 mihi
1184 1557 1343 1613 adfirmanti

196 1638 292 1694 credes
314 1637 391 1707 quod
414 1637 469 1689 hoc
490 1635 660 1690 uocabulum
683 1637 828 1706 aptissime
852 1636 935 1692 simul
962 1639 991 1691 et
1013 1637 1153 1692 lenissime
1176 1638 1342 1694 restituitur.

93 1743 99 1750 ·
196 1718 342 1789 coniungit
364 1718 433 1772 haec
456 1714 595 1770 uocabula
617 1717 724 1772 Plinius
748 1719 803 1788 [ep.
827 1718 853 1770 Π
878 1718 922 1789 11]
948 1733 1052 1787 macno
1075 1721 1222 1785 contentio,
1247 1721 1343 1790 mapua'

195 1801 332 1867 utrimque
358 1797 495 1857 chaerea
518 1827 552 1836 -
576 1796 677 1852 deinde
705 1799 963 1855 uos...recessimue
985 1801 1043 1852 tam
1071 1799 1212 1853 luculente
1235 1800 1342 1854 Andre-

195 1895 279 1932 senus
302 1878 341 1949 [p.
363 1877 425 1948 116]
450 1876 611 1932 emendauit
635 1881 668 1933 ut
694 1880 847 1948 quidquam
868 1879 970 1933 addere
996 1884 1046 1933 ant
1069 1879 1247 1933 correctionis
1270 1880 1342 1934 ueri·
1411 1877 1419 1892 '

195 1959 286 2012 tatem
310 1957 407 2011 contra
429 1955 635 2010 incredulorum
662 1955 853 2014 dubitationes
881 1958 1031 2013 defendere
1059 1976 1115 2014 non
1142 1959 1180 2013 sit
1205 1976 1283 2028 opus.
1308 1991 1341 2000 -

194 2038 316 2106 denique
334 2037 436 2093 iterum
455 2033 579 2092 familiae
597 2042 625 2089 u
642 2040 817 2107 praestantia
839 2039 988 2107 minuitur,
1013 2057 1075 2094 cum
1097 2040 1214 2108 praebet
1236 2047 1285 2096 aut
1306 2043 1341 2096 ab

194 2119 309 2174 Asiator
328 2118 401 2172 male
421 2120 450 2171 et
464 2118 561 2171 contra
575 2135 656 2171 usum
671 2118 753 2173 huius
768 2118 910 2189 scriptoris
930 2119 964 2173 ut
979 2119 1087 2173 omittit
1100 2124 1124 2171 R
1143 2117 1188 2186 (cl.
1203 2118 1341 2175 Weissen-

194 2199 309 2254 bornius
328 2197 358 2252 in
375 2196 466 2251 Iahnii
485 2214 547 2252 anu.
566 2198 684 2252 XXXIII
703 2218 729 2268 p.
749 2205 796 2267 473
815 2200 992 2253 Andresenus
1010 2217 1037 2268 p.
1057 2200 1127 2266 155).

269 2278 324 2333 Sed
341 2278 396 2332 iam
415 2277 452 2332 ad
471 2277 615 2347 grauiores
633 2280 808 2335 transeamus
827 2278 1009 2332 difficultates
1028 2296 1061 2332 ex
1079 2279 1159 2347 parte
1178 2278 1285 2334 minore
1305 2282 1341 2334 ab

194 2359 356 2414 Andreseno
385 2358 424 2429 [p.
446 2359 509 2429 115]
533 2359 665 2414 detectas.
708 2360 739 2414 id
761 2361 856 2414 autem
880 2358 955 2427 quod
978 2358 1145 2426 quibusdam
1169 2359 1273 2414 solacio
1297 2364 1342 2415 est

193 2439 359 2508 neutiquam
382 2437 557 2508 designatur,
582 2439 606 2492 si
629 2438 751 2494 Messala
774 2437 880 2509 pergit,
905 2437 1040 2492 solacium
1063 2438 1134 2493 illud
1160 2455 1263 2509 augere
1286 2440 1340 2495 sibi

194 2519 389 2588 quaestionem
410 2519 561 2588 propterea
583 2519 657 2587 quod
679 2518 754 2574 idem
779 2518 892 2574 Graecis
916 2519 1026 2586 quoque
1049 2517 1192 2574 acciderit.
1231 2519 1339 2575 attente

194 2600 226 2653 et
247 2597 339 2653 missis
362 2596 487 2653 artificiis
509 2597 572 2666 lege
595 2599 693 2652 uerba:
718 2598 833 2654 ubinam
856 2598 886 2653 id
910 2598 985 2666 quod
1009 2598 1113 2654 solacio
1132 2601 1194 2654 erat
1220 2617 1341 2656 comme·

193 2677 297 2732 morari
315 2677 494 2733 adfirmatis?
527 2693 562 2731 au
581 2677 641 2731 tam
658 2678 805 2748 pueriliter
821 2678 918 2749 inepto
936 2679 1069 2747 loquendi
1087 2696 1189 2749 genere
1209 2680 1340 2735 Tacitum

194 2776 276 2812 usum
299 2774 361 2812 esse
383 2757 437 2812 tibi
460 2757 641 2826 persuadebis
659 2761 691 2814 ut
713 2759 743 2813 id
767 2759 843 2827 quod
861 2774 928 2812 saue
946 2775 990 2813 res
1010 2757 1074 2826 ipsa
1094 2757 1205 2827 flagitat
1223 2760 1339 2827 (solacio

194 2841 237 2894 est
260 2837 334 2906 quod
357 2836 433 2892 idem
456 2836 540 2891 etiam
561 2836 673 2891 Graecis
697 2837 811 2907 accidit)
830 2839 991 2892 detruderet
1013 2837 1043 2890 in
1061 2839 1237 2893 enuntiatum
1256 2841 1339 2909 plane

194 2917 354 2974 diuersum?
386 2934 535 2987 pergamus
554 2917 666 2972 adalia
684 2934 741 2973 non
759 2919 850 2972 miuus
869 2917 987 2972 absona:
1014 2917 1111 2972 ‘etiam
1126 2919 1201 2988 apud
1218 2918 1339 2974 Graecos

193 2997 298 3053 accidit
322 2999 355 3051 ut
380 2991 493 3052 illorum
519 2998 676 3067 temporum
705 2999 831 3053 rhetores
857 2996 952 3068 graeci
977 2996 1088 3066 longius
1115 2999 1278 3052 recederent
1302 2999 1339 3052 ab

193 3078 332 3133 Aeschine
356 3080 386 3133 ct
408 3076 596 3133 Demosthene
620 3093 703 3145 quam
726 3078 839 3133 illorum
861 3079 1020 3146 temporum
1042 3081 1166 3132 oratores
1184 3079 1303 3134 Romani
1321 3096 1339 3133 a

194 3158 326 3214 Cicerone
350 3158 380 3212 et
403 3157 520 3213 Asinio’.
562 3175 629 3212 num
653 3158 805 3226 quidquam
829 3176 847 3214 a
870 3157 1013 3227 cogitandi
1035 3156 1143 3213 ratione
1167 3159 1257 3228 magis
1276 3177 1338 3229 per-

192 3255 304 3293 uersum
323 3237 392 3308 fingi
413 3240 526 3308 potest?
566 3255 655 3306 neque
672 3238 785 3294 tollitur
801 3239 872 3294 haec
894 3237 1076 3308 peruersitas,
1100 3238 1123 3292 si
1145 3237 1338 3294 Andresenum

193 3319 306 3374 secutus
334 3317 433 3373 scribis
455 3319 522 3387 quia
545 3319 625 3374 uriteo
648 3319 719 3373 idem
743 3320 856 3375 Graecis
879 3319 1022 3384 accidisse,
1050 3323 1081 3372 ut
1107 3319 1189 3374 atium
1216 3321 1337 3390 tenuium

194 3414 275 3452 nemo
300 3397 374 3452 euim
397 3401 496 3467 suapte
519 3400 618 3469 sponte
641 3404 673 3452 ut
696 3401 818 3469 explicat
845 3400 913 3454 adeo
939 3404 984 3466 ut,
1011 3399 1247 3466 quemadmodum
1275 3401 1338 3455 uult

194 3478 386 3548 Andreseuus‚
405 3475 455 3532 sed
473 3479 562 3533 artius
579 3478 726 3548 coniungit
743 3495 805 3534 cum
824 3480 962 3534 acidum.
1004 3479 1048 3532 his
1071 3479 1178 3534 duobus
1201 3481 1339 3550 scrupulis

193 3559 323 3614 maximis
345 3559 455 3622 accedit
477 3558 577 3614 tertius
599 3576 656 3613 non
678 3559 776 3614 minor.
817 3556 890 3611 nihil
913 3557 989 3612 enim
1011 3558 1047 3612 ad
1073 3559 1230 3628 augendam
1254 3578 1339 3628 quae·

194 3639 314 3694 stionem
338 3638 446 3693 confert
467 3639 497 3693 id
515 3639 590 3708 quod
612 3639 727 3694 Nicetes
749 3636 887 3705 huiusque
911 3635 1016 3691 similes
1039 3635 1135 3691 Graeci
1159 3627 1270 3706 longius
1294 3657 1337 3694 re-

194 3720 337 3774 cesserunt
364 3718 400 3773 ab
427 3719 604 3788 eloquentiae
634 3719 756 3774 Graecae
788 3715 973 3786 principibus,
1006 3733 1023 3770 a
1056 3717 1155 3784 quibus
1187 3719 1217 3770 et
1247 3719 1336 3772 multo
1419 3727 1421 3733 '
1465 3789 1469 3796 ι

193 3798 318 3869 longiore
341 3799 474 3869 temporis
496 3799 647 3854 interuallo
670 3797 770 3853 remoti
795 3797 888 3864 erant,
915 3813 999 3865 quam
1022 3796 1154 3864 aequales
1177 3795 1337 3852 &mania

194 3880 329 3935 Cicerone
347 3881 377 3933 et
395 3878 501 3935 Asinio.
539 3895 605 3934 uere
623 3878 735 3931 demum
755 3878 912 3947 augebatur
930 3878 1072 3947 quaestio,
1097 3879 1122 3932 si
1140 3875 1270 3930 Graeculi
1292 3877 1336 3932 illi

194 3959 323 4028 quamuis
345 3959 451 4014 mucre
475 3960 649 4014 saeculorum
673 3975 787 4013 numero
811 3956 948 4012 distantes
971 3975 989 4011 a
1011 3957 1185 4027 principibus
1206 3955 1263 4010 illis
1281 3974 1337 4012 non

195 4041 284 4108 magis
303 4039 480 4094 desciuerant
498 4055 581 4108 quam
601 4055 619 4091 a
637 4038 693 4092 suis
711 4039 918 4108 exemplaribus
936 4038 1063 4094 Romani.
1099 4037 1199 4108 quibus
1217 4036 1336 4091 dlfficul-

193 4122 300 4177 tatibus
318 4140 336 4177 a
354 4121 471 4176 diuersis
489 4120 616 4191 partibus
635 4119 665 4172 in
682 4136 767 4172 unum
786 4118 1015 4173 concurrentibus
1034 4119 1075 4172 ita
1090 4116 1257 4172 medendum
1277 4133 1336 4172 esse

195 4217 306 4268 censeo,
329 4204 362 4256 ut
384 4202 454 4264 haec
476 4201 556 4256 uideo
579 4201 662 4254 amm
685 4198 782 4254 Graiis
805 4199 935 4254 maduca
956 4198 986 4252 in
1009 4199 1079 4252 idem
1097 4213 1118 4251 e.
1138 4195 1187 4250 Gr.
1206 4197 1338 4251 caedua

194 4283 394 4338 msformata
410 4284 475 4350 post
496 4282 598 4336 calueto
616 4287 654 4336 eat
675 4279 844 4346 inseramur;
868 4293 934 4331 nam
955 4278 1010 4333 hoc
1032 4293 1114 4332 nemo
1137 4277 1167 4330 in
1187 4277 1231 4330 his
1254 4277 1336 4331 rebus

170 4412 176 4422 .
193 4363 319 4418 uersatus
338 4361 485 4416 mirabitur
503 4360 578 4428 quod
596 4359 760 4416 traiectione
778 4359 853 4412 lacta
871 4359 1011 4413 corrector
1028 4355 1130 4423 aliquis
1147 4355 1234 4410 uerba
1247 4355 1336 4410 latina

194 4443 319 4500 restituit
335 4444 407 4497 idem
425 4441 454 4495 in
472 4441 552 4496 aueo
575 4440 717 4495 mutando.
754 4440 783 4494 in
806 4438 847 4493 eis
872 4455 942 4506 quae
966 4438 1023 4492 iam
1045 4437 1153 4490 restant
1170 4437 1238 4490 miti
1256 4441 1337 4506 capet

193 4523 375 4593 quastiouem
398 4522 465 4592 quta
487 4525 518 4575 at
540 4520 649 4589 leucius
671 4520 744 4576 obsit
766 4518 899 4574 Auctiac
920 4516 950 4570 id
974 4515 1049 4585 quod
1067 4531 1151 4584 porro
1170 4513 1336 4583 requirimus
