3270 5168
572 438 755 495 DIALOGVS
774 441 803 496 0.
822 447 935 496 ea-ei.
1127 479 1130 485 -
1176 433 1182 443 '
1283 439 1326 502 35

184 603 385 688 exercitatio,
414 624 472 668 nee
503 603 675 688 quisquam
702 605 865 689 percipere
892 607 943 670 tot
971 606 1038 668 tam
1061 604 1244 669 reconditas
1270 606 1326 668 aut

182 711 289 776 uarias
313 732 364 776 res
388 713 497 795 potest
517 711 582 774 nisi
606 716 643 776 ut
665 712 817 776 scientiae
841 711 1025 795 meditatie,
1053 709 1255 775 meditationi
1277 709 1325 773 fa·

140 819 300 903 arcultas,
323 816 475 883 facultati
497 817 548 882 uis
572 818 789 901 experientiae
813 817 953 883 accedat.
989 839 1047 901 per
1066 837 1147 902 quae
1162 816 1326 902 colligitur

183 925 319 990 eandem
343 945 413 990 esse
435 923 595 988 rationem
619 927 652 988 et
674 923 870 1007 percipiendi
894 945 974 1008 quae
998 923 1143 1007 proferas
1168 927 1201 988 et
1223 923 1327 1006 profe·

183 1030 274 1095 rendi
303 1051 386 1114 quae
413 1031 602 1114 perceperis.
645 1031 701 1094 sed
729 1030 756 1094 si
785 1030 835 1094 cui
862 1009 1052 1095 bbscuriora
1074 1031 1155 1095 haee
1178 1030 1328 1095 uidentur

184 1137 274 1221 isque
298 1136 466 1201 scientiam
490 1137 531 1200 ab
556 1136 784 1201 exercitatione
803 1140 945 1226 separat,
968 1137 1047 1201 illud
1066 1141 1152 1201 certe
1167 1135 1327 1218 concedet,

183 1244 375 1308 instructum
398 1245 431 1306 et
452 1243 584 1326 plenum
607 1243 659 1307 his
688 1244 813 1308 artibus
844 1244 986 1308 animum
1011 1244 1106 1328 longe
1128 1243 1326 1328 paratiorem

143 1367 170 1407 2⁵
185 1351 225 1414 ad
253 1371 305 1413 eas
334 1349 578 1414 exercitationes
607 1353 796 1434 uenturum,
823 1371 904 1434 quae
931 1352 1080 1436 propriae
1109 1350 1326 1415 exornatriees

182 1459 346 1521 oratorum
370 1455 529 1520 uidentur.
574 1477 651 1540 ergo
680 1457 765 1541 apud
793 1456 932 1522 maiores
959 1461 1088 1523 nostros
1112 1457 1238 1522 iuuenis
1261 1449 1379 1537 111134
1437 1472 1440 1478 ·

182 1563 237 1648 qui
269 1563 340 1627 foro
375 1567 408 1626 et
435 1564 635 1647 eloquentiae
663 1564 853 1648 parabatur,
886 1564 1030 1629 imbutus
1058 1565 1122 1628 iam
1150 1563 1327 1628 domestica

182 1669 371 1753 disciplina,
392 1668 531 1734 refertus
553 1669 699 1735 honestis
724 1671 851 1754 studiis,
875 1670 1093 1735 deducebatur
1116 1693 1136 1735 a
1158 1673 1250 1754 patre
1273 1668 1326 1732 uel

183 1797 203 1839 a
222 1775 413 1860 propinquis
429 1775 469 1839 ad
484 1798 556 1840 cum
571 1779 744 1862 oratorem,
763 1776 818 1862 qui
832 1777 1010 1862 principem
1024 1778 1059 1841 in
1073 1778 1203 1843 ciuitate
1222 1776 1327 1840 locum

158 1882 363 1966 ⁵optinebat.
398 1882 484 1946 hune
517 1875 645 1967 seeta'ri,
673 1883 757 1948 hunc
784 1885 949 1969 prosequi,
977 1885 1076 1954 ¹huius
1104 1884 1255 1950 omnibus
1282 1882 1328 1946 di-

185 1988 348 2053 ctionibus
371 1989 527 2054 interesse
543 1990 611 2055 siue
634 1990 668 2053 in
691 1990 818 2056 iudiciis
843 1991 910 2054 siue
934 1991 969 2054 in
992 1991 1197 2056 contionibus
1221 2009 1328 2053 assue-

183 2096 307 2178 scebat,
330 2094 377 2158 ita
400 2099 438 2158 ut
461 2095 687 2162 altercationes
711 2119 837 2182 quoque
861 2098 1025 2181 exciperet
1047 2102 1080 2162 et
1097 2097 1211 2180 iurgiis
1230 2096 1328 2159 inter·

183 2205 282 2286 esset,
305 2205 403 2284 utque
423 2202 469 2267 sic
490 2201 640 2285 dixerim,
663 2223 807 2288 pugnare
821 2203 856 2267 in
870 2203 994 2286 praelio
1009 2203 1153 2266 disceret.
1190 2221 1328 2284 magnus

184 2329 223 2371 ex
245 2307 307 2372 1101
331 2329 422 2392 usus,
446 2309 584 2372 multum
607 2309 822 2392 constantiae,
845 2308 1020 2392 plurimum
1034 2307 1144 2372 iudicii
1158 2297 1328 2372 iuuenibus

147 2431 173 2469 10
187 2414 296 2478 statim
317 2414 526 2499 contingebat
548 2416 583 2478 in
606 2415 711 2479 media
730 2414 800 2479 luce
820 2404 1023 2480 studentibus
1042 2418 1138 2499 atque
1157 2415 1240 2478 inter
1258 2414 1330 2497 ipsa

185 2518 384 2606 discrimina,
408 2522 465 2585 ubi
487 2543 581 2587 nemo
601 2522 731 2605 impune
746 2522 843 2586 stulte
859 2521 1053 2607 aliquidaut
1068 2521 1227 2588 contrarie
1242 2521 1329 2604 dicit,

184 2628 356 2710 quominus
380 2632 414 2693 et
435 2628 531 2692 iudex
554 2619 686 2713 respuat
710 2632 742 2693 et
761 2629 964 2694 aduersarius
984 2630 1168 2716 exprobret,
1190 2629 1253 2715 ipsi
1277 2629 1329 2693 dc·

183 2735 281 2818 nique
310 2735 460 2801 aduocati
478 2739 700 2821 aspernentur.
737 2735 837 2820 igitur
860 2759 937 2802 uera
957 2737 1067 2801 statim
1092 2739 1125 2800 et
1143 2737 1330 2820 incorrupta

185 2841 369 2926 eloquentia
397 2843 651 2934 'imbuebantur3
684 2845 717 2905 et
752 2864 948 2926 quamquam
981 2864 1080 2907 unum
1113 2844 1330 2926 sequerentur,

146 2961 172 3002 1⁵
186 2950 295 3013 tamen
319 2970 431 3014 omnes
455 2929 597 3013 eiusdem
621 2947 737 3012 aetatis
760 2950 915 3031 patronos
938 2948 972 3012 in
995 2948 1145 3031 plurimis
1169 2951 1203 3011 et
1224 2948 1329 3012 causis

184 3057 217 3118 et
238 3054 364 3130 iudiciis
387 3054 641 3141 cognoscebant3
665 3054 893 3140 habebantque
907 3055 1008 3138 ipsius
1023 3052 1136 3139 populi
1151 3053 1329 3118 diuersissi-

184 3183 311 3228 marum
334 3163 463 3228 aurium
482 3163 621 3247 copiam,
645 3185 684 3228 ex
703 3185 767 3247 qua
781 3162 873 3227 faoile
889 3162 1177 3248 deprehenderent,
1201 3160 1277 3246 quid
1295 3161 1328 3224 in

184 3290 310 3353 qnoque
343 3270 395 3333 uel
426 3272 619 3354 probaretur
650 3270 702 3334 uel
735 3269 928 3352 displiceret.
974 3272 1020 3336 ita
1052 3292 1112 3335 nec
1140 3272 1329 3354 praeceptor

184 3374 308 3460 deerat,
331 3375 472 3459 optimus
496 3376 625 3460 quidem
648 3380 681 3440 et
699 3376 910 3441 electissimus
930 3377 1047 3462 quique
1063 3377 1164 3442 aciem
1178 3377 1329 3460 eloquen-

145 3494 171 3532 20
185 3481 251 3544 tiae
274 3503 341 3546 non
364 3481 542 3567 imaginem
566 3486 762 3567 praestaret,
786 3503 845 3546 111
869 3481 1046 3548 aduersarii
1065 3466 1230 3548 et'aemuli
1243 3483 1329 3548 ferro

184 3609 250 3651 101
273 3588 406 3652 rudibus
426 3589 632 3674 dimicantes,
654 3611 713 3654 nee
732 3589 927 3654 auditorium
943 3611 1069 3673 semper
1083 3592 1225 3674 plenum,
1248 3611 1329 3654 sem-

257 3803 289 3851 18
309 3800 369 3850 tam
386 3798 546 3853 reconditas
566 3799 721 3852 actuarias
736 3800 849 3868 scripsi:
869 3801 919 3853 aut
932 3796 1092 3852 reconditas
1106 3799 1166 3850 tam
1180 3797 1272 3850 uarias
1288 3803 1306 3850 0
1321 3797 1331 3870 ll

185 3882 217 3929 19
231 3877 347 3942 sortasse
360 3877 415 3931 nisi
430 3879 469 3932 sic
483 3881 538 3948 11111
552 3885 586 3933 20
600 3879 788 3946 experientiae
802 3881 915 3949 scripsi:
935 3878 1111 3947 eloquentiae
1126 3883 1145 3930 0
1159 3880 1215 3947 1122
1235 3894 1328 3946 perce-

183 3955 257 4023 peris
276 3961 315 4010 1:
334 3957 454 4026 percipis
473 3964 497 4010 11
531 3962 535 4027 Ι
568 3959 699 4012 uidentur
718 3991 751 3998 -
771 3962 885 4028 separat
902 3964 939 4013 u:
959 3958 1141 4012 uidentur-
1161 3960 1272 4025 separet
1289 3964 1329 4024 13

183 4037 272 4102 scibis
289 4036 440 4091 uideantur
459 4069 492 4078 —-
512 4038 644 4108 separet?
676 4041 686 4110 ΙΙ
717 4045 751 4093 23
770 4039 845 4093 istud
864 4045 888 4092 u
918 4041 929 4109 ss
960 4045 995 4093 24
1013 4038 1182 4108 paratiorem
1201 4037 1329 4104 Lipsius:

183 4115 281 4181 parate
300 4121 319 4167 0
338 4118 470 4185 paratum
489 4133 505 4175 ς
532 4120 541 4188 ΙΙ
568 4125 602 4173 25
622 4119 811 4173 exornatrices
831 4122 973 4173 oratorum
991 4120 1101 4188 scripsi:
1121 4120 1150 4171 et
1168 4119 1330 4171 ornatorum

184 4202 211 4249 Ι
228 4201 259 4252 11
277 4200 441 4252 ornaturum
459 4205 483 4251 n
718 4253 721 4259 ,

255 4268 304 4325 34.
329 4277 344 4325 7
364 4271 492 4339 excipere
511 4272 699 4326 -interesse
719 4276 751 4338 0,
774 4272 934 4326 1011111111.
954 4270 1143 4338 Β1111111118
1163 4285 1280 4337 magnus
1300 4285 1329 4326 s:

184 4366 302 4418 magnos
324 4353 413 4420 01117
434 4367 467 4404 ex
486 4352 760 4420 01οΜ11111111119
774 4357 845 4420 pato
864 4352 985 4420 optimus
1004 4351 1052 4404 ille
1071 4349 1183 4418 quidem
1197 4348 1330 4418 (optimus

185 4430 302 4497 quisque
321 4430 465 4501 Meiseras)
491 4433 495 4500 1
520 4429 595 4497 quiq.
615 4433 704 4486 aciem
722 4431 833 4498 scripsi:
852 4430 900 4496 qui
918 4429 1019 4483 faciem
1038 4435 1056 4481 0
1080 4433 1140 4497 1111
1160 4427 1274 4482 rudibus
1295 4428 1328 4481 P.

186 4509 292 4564 Faber:
313 4510 428 4564 sudibus
448 4515 554 4580 01111
574 4511 712 4568 Haasiae:
732 4509 782 4562 sed
801 4514 819 4560 0

1082 4595 1118 4652 3*
