3296 5168
310 405 353 468 54
639 398 928 456 COMMENTARIVS
948 395 1120 452 oalllcvs

310 563 446 630 indicare,
469 563 561 632 ipsum
584 561 682 616 andita
705 559 882 615 accusatione
905 557 934 612 in
960 575 1011 612 sua
1033 573 1117 611 causa
1145 553 1280 610 arbitrum
1304 571 1363 610 esse
1392 556 1458 610 uult

310 645 391 714 Aper.
428 643 528 697 relicta
547 659 611 712 ergo
631 657 665 694 ex
683 641 763 709 parte
782 641 841 706 uia,
861 655 946 707 quarn
964 640 1029 693 ante
1045 637 1185 706 ingressus
1204 654 1275 705 sum,
1293 637 1362 691 duas
1381 653 1455 705 quae

310 725 375 778 sunt
398 721 428 776 in
451 722 504 776 hoc
529 721 673 777 enuntiato
697 719 862 774 offensiones
886 721 922 787 (et
945 734 992 789 ego
1015 718 1086 772 enim
1108 733 1247 786 porroque
1267 722 1401 786 qnatenus
1421 749 1454 757 -

310 803 443 872 inueniri)
464 803 503 856 sic
521 820 595 856 nunc
613 800 796 856 remouendas
819 800 891 854 duco
914 814 981 868 nepo
1004 798 1075 852 enine
1099 797 1220 850 alienam
1238 797 1373 851 arbitram
1391 796 1408 849 t.
1428 797 1454 850 b.

217 896 220 904 ’
310 885 446 939 inueniri:
470 899 527 938 non
546 883 644 952 potior
662 898 733 950 eqs.,
757 881 789 934 ut
811 877 1046 949 quemadmodum
1069 877 1189 932 alienam
1208 879 1237 932 et
1255 877 1333 946 apat
1350 893 1389 942 se,
1413 875 1456 930 ita

307 965 434 1033 placium
457 964 486 1018 et
508 964 599 1032 ipsam
621 963 708 1017 cotnra
731 977 765 1015 ex
789 959 926 1014 contrario
951 959 1025 1013 stent
1043 957 1231 1026 reddanturque
1249 955 1350 1027 prioris
1369 956 1455 1026 positi

311 1059 360 1112 per
379 1043 534 1112 asyndeton
553 1041 751 1112 explicatiuum
769 1039 850 1094 ratio.

384 1136 416 1185 15
445 1133 584 1201 complecti
606 1131 771 1201 procinctos
794 1128 890 1198 possit.
947 1124 1159 1194 complectimur
1191 1125 1327 1196 quidquid
1360 1128 1456 1182 nancti

311 1212 485 1282 possidemus
505 1215 533 1267 et
551 1213 691 1277 teramum
706 1209 885 1280 prouinciam
903 1197 1041 1274 complecti
1059 1221 1157 1259 uereor
1175 1208 1208 1259 ut
1225 1205 1352 1275 accipere
1369 1204 1457 1262 liceat

311 1290 395 1344 aliter
414 1306 498 1358 quam
517 1290 622 1360 legitur
641 1288 715 1360 apud
734 1287 861 1343 Curtium
880 1286 918 1342 VI
935 1293 960 1354 3,
980 1292 995 1340 t
1010 1287 1105 1354 plnres
1119 1286 1284 1354 prouincias
1302 1287 1457 1354 complanas

310 1387 371 1424 sam
389 1387 471 1440 quarn
490 1371 542 1426 alii
559 1371 639 1426 nrbes
662 1373 789 1438 ceperant
813 1369 863 1422 aut
886 1365 961 1435 apud
984 1362 1095 1418 Liuium
1114 1369 1161 1432 44,
1187 1369 1199 1417 1
1222 1363 1323 1434 popuii
1345 1363 1380 1418 11.
1399 1365 1457 1418 iarn

311 1457 446 1506 terraram
466 1452 555 1507 orbem
577 1450 780 1520 complectentis.
821 1465 887 1502 nam
910 1445 985 1514 quod
1009 1443 1254 1499 Schurafleischius
1279 1443 1386 1500 seilicet
1403 1462 1456 1514 pa-

312 1532 428 1585 trocinio
452 1534 545 1587 mente
568 1530 790 1588 subaudiendum
814 1528 896 1583 dicit:
928 1527 994 1592 hoc,
1019 1523 1073 1578 nisi
1096 1524 1222 1594 additur,
1245 1525 1319 1580 unde
1341 1526 1457 1580 tandem

312 1627 453 1664 assumere
477 1611 557 1665 nobis
581 1611 668 1665 licet?
704 1625 795 1678 neque
818 1609 915 1663 tamen
938 1607 967 1661 id
986 1605 1078 1676 ipsum
1098 1603 1187 1660 textui
1205 1604 1381 1660 inserendum
1401 1608 1458 1673 est,

312 1692 358 1744 bio
377 1689 450 1743 enim
470 1708 532 1744 cum
556 1691 713 1760 requiratur
732 1689 806 1758 quod
825 1688 995 1758 respondeat
1012 1686 1069 1741 illis
1083 1702 1181 1756 parcre
1200 1701 1220 1739 s.
1241 1701 1263 1740 e.
1278 1690 1295 1739 t.
1321 1685 1459 1740 amicitias

312 1773 341 1824 et
364 1771 494 1825 asciscere
517 1771 739 1835 necessitudines,
764 1767 897 1822 orationis
922 1765 1119 1838 aequabilitati
1141 1764 1234 1835 potius
1258 1765 1387 1820 consulet
1409 1765 1458 1834 qui

312 1869 345 1905 ex
364 1849 425 1920 ipso
442 1849 577 1919 pincinia
594 1851 724 1920 neglecta
741 1847 847 1902 lineola
867 1849 1029 1916 prouincias
1052 1846 1213 1915 corruptum
1238 1860 1298 1899 esse
1321 1844 1375 1900 sibi
1395 1863 1457 1916 per-

312 1929 448 1986 suadebit.
489 1929 601 1999 iamqne
624 1929 795 1983 trimembris
819 1929 889 1982 haec
914 1926 1054 1981 sonantia
1077 1943 1133 1995 aaa
1152 1927 1289 1996 -possit
1312 1927 1406 1981 omnia
1425 1929 1459 1982 ut

312 2011 397 2065 uerba
415 2009 457 2064 ita
475 2009 588 2064 nomina
605 2010 692 2064 habet
711 2024 877 2077 synonyma,
901 2006 1019 2076 expulsa
1044 2021 1077 2060 ea
1099 2004 1213 2060 notione
1234 2004 1279 2060 cui
1297 2005 1408 2060 demum
1427 2007 1457 2062 in

312 2088 404 2144 uerbis
424 2089 604 2158 sequentibus
622 2104 675 2159 qao
694 2103 750 2142 non
769 2088 848 2142 alind
866 2103 924 2156 eqs.
940 2087 983 2140 est
1000 2086 1085 2142 locus.
1477 2097 1481 2107 “

386 2184 418 2234 17
437 2179 481 2233 aet
495 2179 532 2234 ad
546 2180 714 2248 aotaptatcrn
728 2176 873 2231 boneotias.
902 2175 937 2230 de
951 2173 1034 2228 huius
1049 2173 1237 2244 supplementi
1252 2174 1458 2246 Schultiagiani

313 2257 478 2313 necessitate
507 2258 551 2327 (cf.
576 2277 598 2314 c.
624 2267 654 2327 6,
679 2259 705 2324 1)
734 2257 787 2312 etsi
810 2255 889 2310 nulla
912 2256 955 2310 est
977 2255 1050 2310 inter
1073 2255 1169 2309 doctos
1194 2253 1346 2323 dubitatio,
1370 2255 1398 2309 in
1424 2272 1458 2311 co

312 2340 408 2391 lamen
426 2336 511 2392 iidem
531 2337 700 2393 dissentiunt
719 2336 791 2392 sitne
809 2334 948 2390 honestius
972 2351 1008 2388 an
1026 2336 1144 2390 suaniae
1167 2336 1217 2404 (sic
1237 2333 1393 2403 Classenus)
1412 2337 1458 2390 1111

301 2414 421 2471 'deicias
441 2418 587 2488 (liitterus)
606 2418 830 2490 praeferendum.
858 2416 906 2471 sed
925 2414 973 2482 qui
992 2416 1084 2470 tolum
1103 2418 1188 2486 caput
1207 2416 1315 2469 sextum
1336 2415 1460 2484 septimi-

313 2513 366 2564 que
386 2496 498 2551 initium
522 2516 609 2567 nsque
634 2498 670 2552 ad
694 2497 781 2552 uerba
803 2493 895 2567 qaid?
922 2494 998 2559 fama
1022 2495 1130 2548 attente
1149 2493 1314 2564 perlegerit,
1336 2493 1360 2548 is
1378 2509 1460 2548 uoca-

312 2572 411 2626 bulum
439 2575 528 2646 magis
553 2576 583 2630 in
605 2576 766 2630 uniuersum
789 2578 889 2644 patens
919 2573 1102 2641 desiderabit,
1131 2575 1188 2628 siue
1213 2574 1351 2630 ltonestiao
1374 2575 1460 2644 (quod

288 2667 292 2676 ⁴
316 2653 429 2722 retinui)
450 2653 508 2708 siue
523 2656 626 2723 pierias
645 2655 691 2710 uel
709 2655 839 2710 sanctine.

386 2748 420 2797 20
453 2745 546 2816 omnia
578 2744 695 2800 consilia
725 2745 838 2813 sataque
861 2759 914 2813 per
940 2749 1035 2798 nostra
1062 2742 1209 2811 dirigenda
1235 2748 1307 2798 sant.
1359 2743 1460 2800 mirum

314 2821 427 2891 uitium,
446 2822 566 2880 feliciter
584 2823 656 2878 illud
674 2825 711 2879 ab
730 2823 809 2880 Italis
828 2826 969 2892 sanatum,
988 2840 1021 2879 eo
1039 2823 1094 2878 nisi
1113 2822 1196 2878 fallor
1214 2825 1306 2878 ortum
1325 2825 1460 2893 estquod

314 2903 333 2958 C
353 2904 461 2974 littera,
481 2903 626 2960 simillima
643 2904 695 2958 illa
714 2905 740 2960 ei
758 2921 830 2974 quae
849 2907 892 2959 est
910 2904 946 2972 P,
966 2920 1050 2973 supra
1067 2903 1164 2957 FATA
1184 2902 1338 2972 antiquitus
1357 2903 1461 2974 scripta

313 2985 381 3038 erat.
406 3015 441 3023 —-
464 2984 551 3040 semel
574 2984 620 3039 hic
645 3001 758 3052 moneo,
781 3002 826 3039 me
849 2984 968 3039 formam
990 2984 1070 3039 bonis
1094 2983 1275 3052 scriptoribus
1298 2985 1459 3054 usurpatam

306 3081 403 3132 ,neque
422 3065 487 3118 ante
505 3063 584 3118 tertii
602 3083 630 3133 p.
651 3063 712 3118 Chr.
738 3082 763 3118 n.
784 3064 888 3118 saeculi
907 3063 1064 3118 barbariem
1088 3062 1233 3133 depulsam
1257 3066 1377 3134 deripere
1398 3063 1460 3118 ubi-

313 3161 368 3210 que
396 3143 494 3197 Tacito
523 3143 685 3198 restituisse.
733 3143 871 3212 praecipit
903 3143 1055 3212 Agroecins
1089 3144 1164 3197 recte
1195 3144 1271 3199 facto
1301 3144 1460 3200 discrimina

315 3223 353 3293 [p.
371 3228 430 3290 115,
447 3227 479 3275 15
494 3223 553 3293 K.]:
582 3223 717 3278 derectam
735 3225 767 3277 in
780 3229 882 3278 rectam
895 3225 1008 3290 cadens,
1027 3223 1160 3276 directam
1173 3225 1205 3278 in
1219 3226 1306 3280 latera
1325 3226 1458 3298 [rectam].

314 3303 466 3369 scripturae
500 3303 619 3371 derigere
651 3301 778 3370 exempla
810 3302 838 3355 in
872 3302 951 3357 codd.
987 3303 1098 3356 seruata
1130 3302 1246 3372 collegit
1273 3302 1461 3360 Franckenine

316 3381 461 3452 [Mnemon.
485 3397 508 3436 a.
535 3388 603 3437 1880
626 3400 652 3452 p.
677 3383 756 3452 221];
781 3380 881 3450 quibus
904 3381 976 3436 adds
1000 3381 1170 3451 optimorum
1196 3382 1361 3448 Quintiliani
1380 3385 1459 3440 codd.

314 3479 402 3515 usum.

386 3555 420 3603 88
439 3551 484 3605 sin
501 3551 645 3620 propriam
662 3552 815 3620 pertentans
829 3552 974 3620 increpuit.
1001 3550 1165 3622 increpandi
1178 3552 1293 3606 uerbum
1310 3551 1395 3608 etiem
1413 3555 1461 3609 abi

314 3627 451 3685 translate
479 3631 628 3700 usurpetur
655 3631 798 3688 notionem
826 3629 989 3702 primariam
1014 3633 1118 3698 seruat,
1148 3631 1179 3684 ut
1207 3630 1235 3683 in
1258 3631 1320 3685 loco
1345 3631 1420 3687 Liuii
1444 3650 1462 3687 a

314 3708 410 3778 Lipsio
429 3707 526 3764 adlato
552 3709 603 3780 [lV
626 3717 674 3780 43,
700 3712 744 3781 10]
770 3713 862 3780 siquid
885 3711 1004 3781 increpet
1026 3711 1138 3767 terroris
1163 3711 1266 3779 (nestas
1290 3712 1460 3781 germanice:

276 3795 280 3804 '
315 3806 395 3844 wenn
414 3789 575 3858 irgendeine
596 3791 911 3846 Schreckensbotsohalt
933 3792 994 3846 lant
1016 3789 1129 3859 wdrde).
1172 3789 1242 3843 bene
1260 3790 1348 3861 igitur
1366 3791 1461 3846 Wein-

315 3869 435 3924 kauffius
465 3869 504 3940 [p.
536 3871 598 3942 182]
630 3871 664 3925 de
693 3869 856 3940 integritate
885 3869 1014 3926 lectionis
1041 3869 1162 3924 traditae
1187 3869 1317 3925 dubitans
1343 3871 1462 3927 coniecit

314 3952 421 4020 ingrati
444 3949 503 4004 siue
527 3951 644 4022 inrepit.
686 3952 715 4004 et
733 3950 788 4004 hoc
811 3951 925 4019 quidem
949 3953 981 4004 ut
1002 3948 1100 4004 fortius
1124 3949 1239 4006 uerbum
1262 3950 1395 4020 facilique
1413 3969 1459 4006 ne·

314 4066 393 4135 gotio
413 4066 615 4120 restituendum
634 4043 760 4136 (scripit)
779 4066 808 4120 in
826 4068 934 4121 textum
953 4066 1054 4136 recepi.

385 4161 420 4209 28
439 4171 520 4224 qnam
542 4171 587 4210 reo
610 4159 635 4210 ct
653 4156 834 4225 periclitanti.
877 4153 1031 4224 adstipulor
1050 4154 1179 4210 Acidalio
1203 4158 1232 4210 et
1251 4156 1416 4211 Hermanno
1435 4162 1461 4212 et

315 4250 370 4288 non
389 4233 584 4289 tolerantibus.
615 4251 704 4304 neque
724 4235 798 4290 enim
817 4237 851 4290 de
871 4233 971 4304 quouis
990 4249 1037 4287 reo
1058 4237 1101 4288 est
1119 4253 1218 4301 sermo,
1238 4236 1286 4289 sed
1305 4236 1339 4290 de
1359 4253 1392 4292 eo
1412 4238 1461 4305 qui

316 4311 345 4365 iu
365 4312 525 4368 discrimine
542 4317 683 4382 uersatum
703 4331 769 4383 nec,
789 4319 821 4370 nt
838 4315 899 4385 ipsa
912 4329 956 4368 res
971 4316 1080 4382 monet,
1099 4332 1162 4370 rene
1176 4316 1205 4370 et
1220 4317 1382 4384 periclitans
1397 4320 1461 4373 sunt

318 4409 479 4462 synonyma.
517 4411 562 4449 reo
581 4395 752 4464 periclitanti
774 4413 856 4466 porro
880 4397 908 4449 et
930 4396 961 4448 in
984 4396 1041 4450 acic
1060 4412 1124 4450 uere
1146 4396 1256 4450 demum
1276 4395 1328 4454 sibi
1347 4414 1459 4467 respon·

318 4469 392 4523 dent.
430 4488 486 4526 non
508 4473 603 4528 tamen
618 4473 756 4544 extirpare
771 4474 850 4529 nolui
864 4475 993 4529 uoculam
1012 4476 1106 4546 illam,
1125 4476 1172 4531 sed
1192 4477 1300 4530 mutare
1319 4477 1412 4546 potins
1430 4477 1460 4532 in
