3296 5168
414 421 706 478 COMMENTARIVS
726 421 889 479 efflrlevs
910 422 938 477 C.
958 429 1070 478 37-41.
1274 423 1316 488 97

172 584 255 638 hodie
274 581 402 655 legimus,
422 585 493 641 adeo
507 603 557 640 nos
572 585 715 641 delectant
731 587 764 639 ut
778 601 812 639 ex
830 583 887 639 illis
906 584 972 640 colis
990 585 1124 639 iudicium
1142 584 1263 640 feramus
1283 584 1318 639 de

173 665 348 732 auctoribus,
372 665 509 734 neglectis
533 665 648 735 reliquis
670 682 766 720 eorum
787 664 952 721 actionibus.
991 680 1063 734 quae
1083 665 1223 720 sententia
1243 666 1272 720 et
1288 667 1319 721 in

169 745 293 800 Materni
318 744 504 816 cogitationes
528 747 612 816 plane
636 746 756 815 quadrat
779 745 824 814 (of.
844 762 867 799 c.
886 751 920 800 39
944 745 1008 800 inde
1032 762 1049 799 a
1069 745 1161 800 uerbis
1180 763 1229 801 uec
1247 747 1319 816 quis·

170 845 254 898 quum
278 829 381 882 claram
405 833 430 882 et
452 829 605 896 inlustrem)
631 827 660 881 et
683 844 732 897 per
756 843 784 881 se
808 825 955 896 perspicua
979 828 1035 894 est,
1059 827 1142 882 modo
1166 843 1251 881 unam
1270 843 1317 881 uo·

170 907 264 961 culam
297 923 400 977 quoque
433 924 448 961 e
480 906 554 961 falsa
586 925 670 976 quam
704 907 854 976 occupauit
886 907 951 961 sede
981 906 1011 961 in
1043 907 1190 977 pristinam
1221 905 1318 962 iubeas

171 988 303 1056 migrare.
350 1004 436 1058 praue
465 988 539 1044 eninr
567 989 623 1056 ipsi
655 1004 757 1057 quoque
789 990 912 1043 oratores
940 988 1206 1055 commemorantur,
1239 987 1320 1056 quasi

170 1071 283 1138 praeter
305 1070 380 1140 ipsos
402 1069 453 1125 alii
476 1085 585 1138 quoque
611 1085 644 1122 ex
667 1067 745 1122 libris
770 1085 865 1123 eorum
887 1067 997 1138 possint
1020 1068 1174 1124 aestimari:
1204 1068 1269 1122 libri
1292 1068 1321 1120 et

171 1151 230 1217 ipsi
257 1151 305 1219 qui
332 1155 443 1220 eperunt
470 1150 606 1204 orationes
634 1165 649 1202 e
673 1148 813 1202 contrario
836 1149 904 1217 poni
926 1150 1055 1218 postulat
1077 1148 1157 1204 ratio.
1194 1147 1321 1204 uiolenta

172 1229 290 1283 molitus
309 1233 352 1285 est
371 1231 546 1285 Andresenus
565 1245 665 1297 parum
684 1245 815 1298 prospere
837 1229 875 1299 [p.
897 1229 1038 1302 130sqq.].

246 1314 261 1362 d
285 1315 309 1363 et
332 1312 369 1365 ud
391 1311 562 1364 incessendos
584 1309 727 1377 principes
747 1311 836 1377 uiros,
859 1315 891 1364 ut
913 1315 952 1364 cst
973 1315 1078 1365 nutura
1105 1312 1244 1378 inuidiae,
1269 1326 1320 1378 po·
1340 1323 1362 1359 c.
1382 1303 1420 1360 40

168 1391 235 1460 puli
262 1406 367 1460 quoque
394 1396 418 1445 et
443 1391 589 1446 histriones
614 1389 730 1442 auribus
755 1393 903 1444 utaentur.
947 1387 1026 1458 dedi,
1054 1392 1086 1444 ut
1110 1390 1139 1444 in
1164 1391 1226 1446 loco
1245 1387 1318 1444 'con-

174 1469 311 1539 clamato,
330 1487 420 1525 rnearn
440 1471 674 1540 qualemcumque
694 1470 890 1525 coniecturam.
928 1470 1016 1525 uerba
1038 1475 1070 1525 ut
1093 1476 1130 1524 est
1147 1489 1174 1524 n.
1194 1470 1320 1526 inuidiae

174 1549 214 1603 sic
239 1550 361 1619 explico:
389 1553 422 1605 ut
444 1553 487 1606 cst
508 1551 652 1620 proprium
674 1550 810 1619 inuidiae,
835 1543 962 1606 omnibus
987 1550 1233 1621 machinamentis,
1256 1567 1320 1605 con·

174 1629 259 1685 cessis
274 1629 397 1700 inlicitis,
412 1630 461 1684 uti.
496 1633 557 1684 erat
570 1647 634 1684 cum
647 1630 816 1699 praeferrem
835 1635 867 1684 ut
883 1634 921 1683 est
934 1647 961 1684 n.
976 1632 1152 1685 insidiarum.
1181 1633 1242 1685 tum
1257 1648 1320 1686 con-

173 1711 301 1765 iecerunt
318 1711 463 1765 histriones
482 1726 585 1779 quoquc
604 1710 706 1778 popuii
728 1727 790 1764 cur.
814 1727 841 1767 u.
862 1709 1017 1779 Acidaliae,
1034 1713 1135 1781 populi
1152 1728 1256 1782 quoque
1274 1728 1321 1767 ceu

174 1791 320 1845 histriones
342 1807 403 1844 cur.
422 1808 449 1846 u.
470 1789 728 1858 Schurnfleischius,
750 1791 850 1859 populi
871 1807 975 1860 quoqne
1000 1793 1198 1847 directionibus
1226 1795 1321 1862 (utten-

174 1873 291 1926 tiorihus
314 1872 440 1940 Hessius)
465 1889 525 1927 cur.
551 1889 579 1926 u.
598 1871 795 1937 Heumannus,
817 1873 917 1940 populi
939 1873 1020 1927 etiam
1043 1873 1197 1928 histrioniis
1215 1873 1322 1928 artibus

174 1969 201 2008 u.
223 1952 363 2022 Osannus,
383 1955 507 2021 plerique
530 1958 555 2006 ct
577 1952 786 2006 histrionutihus
808 1953 916 2007 artibus
939 1971 966 2008 u.
987 1952 1126 2021 Orellius,
1139 1954 1241 2022 popuii
1258 1969 1322 2024 quo·

175 2048 225 2100 que
244 2038 276 2086 ut
293 2033 438 2086 histriones
457 2032 606 2101 plausibus
628 2049 655 2086 u.
679 2033 813 2101 Haasius,
835 2033 933 2103 populi
955 2039 1101 2104 quoquest
1120 2035 1210 2103 pictis
1223 2034 1323 2102 pronis

177 2113 294 2167 curibus
312 2131 339 2168 u.
359 2111 611 2181 Weissenbornius‚
630 2113 729 2181 populi
738 2113 837 2181 pronis
851 2119 882 2166 ut
896 2114 1040 2169 histriones
1059 2131 1120 2168 cur.
1140 2131 1167 2168 u.
1181 2113 1322 2180 Halmius;

178 2193 298 2262 denique
316 2193 555 2262 Bezzenbergerus
580 2197 611 2246 ut
634 2198 672 2245 cst
694 2198 798 2246 natura
813 2194 925 2260 populi,
948 2195 1075 2250 inuidiae
1092 2210 1196 2263 quoque
1214 2199 1239 2248 et
1256 2194 1323 2248 irri-

177 2274 264 2327 sionis
283 2275 390 2328 urtihus
410 2291 437 2328 u.
457 2276 487 2328 ct
504 2271 628 2326 omnium
647 2272 767 2341 pessime
786 2271 930 2326 Vahlenus
946 2275 1048 2342 popuii
1061 2279 1159 2343 poetae
1177 2289 1281 2342 quoque
1299 2278 1324 2328 ct

175 2354 321 2408 histriones
348 2370 409 2409 nur.
438 2371 466 2408 u.
496 2352 587 2422 (quasi
614 2352 667 2406 hoc
694 2349 848 2420 pertineret
870 2351 983 2406 omnino
1007 2354 1044 2407 ad
1073 2356 1197 2409 oratores
1225 2353 1324 2423 hisque

177 2434 306 2488 ardorem
325 2451 357 2488 ac
376 2434 451 2489 iaces
470 2433 611 2501 adderet),
630 2433 662 2485 ut
680 2430 793 2484 mittam
812 2431 868 2485 alia
886 2431 963 2486 haud
981 2450 1078 2502 pauca.

250 2519 265 2567 7
284 2515 386 2568 nonde
400 2516 488 2569 otiosa
506 2519 531 2568 et
547 2514 642 2584 quieta
660 2529 689 2566 rc
708 2513 852 2582 loquimur.
890 2515 955 2568 ants
973 2514 1044 2570 haec
1058 2514 1230 2570 intercidisse
1248 2513 1325 2568 haud

176 2595 218 2648 ita
241 2610 332 2663 pauca
353 2592 460 2664 primus
485 2594 586 2649 statuit
606 2591 802 2661 Heumannus‚
826 2610 910 2662 quem
937 2591 994 2648 suis
1023 2593 1142 2665 quisque
1169 2592 1324 2649 rationibus

179 2673 256 2727 ducti
274 2673 402 2728 nonnulli
421 2673 510 2728 secuti
529 2675 601 2728 sunt.
630 2672 722 2726 sedin
737 2672 942 2742 cogitationum
960 2691 1109 2744 conexum,
1131 2675 1222 2745 qualis
1240 2675 1325 2730 hahe-

178 2753 225 2807 tur
248 2753 277 2806 in
301 2755 341 2808 eis
365 2769 437 2822 quae
461 2754 645 2822 antecedunt,
669 2753 693 2807 si
715 2752 846 2823 inquiris,
873 2755 908 2808 ab
931 2754 985 2807 hac
1008 2755 1121 2824 quidem
1145 2758 1226 2824 parte
1254 2753 1326 2810 nihil

179 2831 331 2899 desideras,
357 2832 496 2900 siquidem
519 2849 615 2886 eorum
644 2851 717 2903 quae
740 2837 825 2889 antea
851 2832 883 2888 in
905 2833 1066 2889 uniuersum
1092 2834 1235 2904 disputata
1262 2835 1326 2888 sunt

178 2930 251 2967 nunc
271 2929 379 2967 summa
397 2912 524 2966 redditur
542 2913 740 2982 accersitisque
759 2908 894 2983 exemplis
905 2913 1054 2968 stabilitur
1068 2914 1114 2984 (cf.
1129 2917 1240 2983 praeter
1257 2912 1326 2966 alios

178 2995 311 3049 Meiserus
332 2993 370 3064 [p.
390 2993 508 3063 61-56]
529 2992 691 3048 etPeterus
710 2993 792 3048 adh.
812 2991 850 3063 1.).
887 3010 938 3048 nec
962 2994 1030 3063 puto
1054 3010 1123 3063 opus
1145 3009 1205 3048 esse
1223 2992 1327 3046 Mureti

179 3073 339 3128 coniectura
357 3073 504 3128 nonenim
522 3074 554 3128 dc
572 3075 673 3144 otiosa,
692 3071 856 3142 asyndetica
870 3072 961 3128 oratio
976 3092 1039 3129 cum
1052 3073 1098 3130 hic
1118 3073 1230 3143 quidem
1247 3089 1326 3127 suam

179 3153 284 3208 habeat
302 3154 431 3224 gratiam.

252 3240 286 3288 10
310 3251 394 3290 comes
417 3235 587 3290 seditionum.
629 3227 788 3291 uindicatur
806 3236 876 3290 haec
894 3235 978 3292 lectio
1003 3236 1100 3291 contra
1119 3234 1240 3291 Acidalii
1262 3251 1326 3290 con·

180 3314 316 3370 iacturam
334 3316 418 3382 fornes
436 3313 498 3370 loco
518 3314 659 3370 Ciceronis
680 3315 768 3386 [Brut.
790 3322 835 3386 12,
855 3317 903 3388 45]
922 3333 939 3370 a
957 3317 1097 3388 plerisque
1116 3318 1225 3386 adlato,
1244 3334 1327 3386 quem

180 3398 323 3452 Maternus
342 3397 383 3451 ita
401 3395 515 3465 respicit
533 3397 565 3449 ut
583 3396 666 3450 simul
686 3397 796 3452 refutet.
1219 3467 1223 3474 Ὺ

253 3482 285 3531 11
313 3479 372 3532 sine
396 3477 535 3544 obsequio,
565 3478 624 3530 sinc
650 3477 789 3532 seruitute.
831 3477 907 3546 quod
934 3479 991 3532 tres
1018 3478 1073 3532 uiri
1103 3478 1179 3534 docti
1206 3477 1326 3548 Nostius,

182 3556 337 3626 Steinerus,
355 3555 544 3627 Nipperdeius
565 3556 673 3626 [opusc.
692 3573 719 3624 p.
740 3556 804 3627 340]
823 3573 875 3626 pro
895 3573 924 3610 se
950 3558 1067 3627 quisque
1090 3561 1252 3627 repererunt
1269 3560 1328 3612 sine

181 3639 308 3704 ueritate,
333 3653 428 3693 omnes
451 3636 539 3692 habet
562 3653 579 3690 a
603 3636 742 3691 sententia
765 3635 974 3704 probabilitatis
998 3654 1141 3692 numeros:
1177 3638 1328 3692 commenti

182 3719 261 3772 erant
274 3719 416 3772 seueritate
429 3717 574 3784 Pithoeus,
592 3717 710 3770 sanitate
725 3713 853 3782 Orellius‚
868 3715 978 3770 lenitate
991 3713 1210 3785 Peerlkampius,
1225 3718 1328 3771 suncti-

182 3803 237 3852 tute
255 3798 463 3867 Boetticherus,
482 3799 585 3852 uirtute
602 3793 775 3850 Wittichius.

255 3885 269 3932 1
295 3881 336 3934 sic
360 3895 464 3948 quoque
488 3879 560 3949 quod
583 3881 704 3946 superest
728 3877 851 3946 antiquis
872 3876 1026 3932 oratoribus
1051 3875 1160 3942 horum,
1188 3881 1244 3930 non
1270 3891 1326 3943 eqs.
1348 3891 1370 3928 c.
1389 3872 1426 3929 41

183 3957 258 4028 quod
282 3957 424 4014 Broterius
448 3958 646 4025 Ernestiusque
670 3956 843 4024 scripserunt
866 3974 899 4010 eu
923 3958 1046 4025 antiquis
1072 3957 1229 4011 oratoribus
1255 3955 1327 4011 falso

182 4037 275 4109 (quasi
308 4055 373 4093 uero
404 4037 534 4092 nonnulli
567 4055 601 4092 ex
628 4035 727 4106 priscis
754 4035 900 4091 illistam
927 4036 1086 4105 uixissent),
1119 4037 1216 4091 cedere
1245 4036 1329 4090 dehet

184 4117 309 4186 optimae
319 4116 454 4174 Gronouii
463 4115 652 4173 emendationi
664 4117 781 4185 antiqui,
795 4117 823 4171 h.
834 4133 867 4185 a,
881 4117 1016 4186 quidquid
1030 4115 1060 4171 in
1070 4132 1103 4172 eo
1117 4133 1226 4186 quoque
1235 4134 1329 4171 rerum

185 4199 261 4252 statu
286 4197 377 4268 qualis
399 4198 483 4252 hodie
506 4199 616 4267 optinet
639 4198 767 4268 superest
789 4216 823 4253 ex
846 4198 921 4252 statu
949 4197 1072 4266 antiquo.
1118 4214 1172 4268 quo
1198 4198 1279 4252 modo
1305 4195 1329 4250 si

185 4279 356 4348 explicamus
379 4279 431 4348 sic,
458 4295 548 4346 neque
570 4279 600 4333 in
622 4281 672 4335 hoc
695 4280 808 4334 auctore
826 4278 990 4332 Heumanno
1014 4294 1104 4346 neque
1125 4277 1154 4331 in
1172 4293 1247 4330 nunc
1266 4292 1329 4330 cum

184 4359 364 4415 Boettichero
384 4360 508 4413 mutetur
526 4361 645 4428 oportet.
682 4360 778 4414 subest
800 4360 895 4412 autem
914 4356 951 4410 ad
969 4373 1066 4412 uocem
1086 4357 1248 4424 sequentem
1267 4371 1327 4408 oru-

184 4441 290 4496 toribus
313 4439 493 4496 adsimilatio.
534 4456 618 4508 porro
640 4439 736 4494 horum
757 4442 797 4508 Η,
822 4437 913 4506 forum
936 4437 1105 4507 interpolate
1133 4441 1157 4489 n
1184 4434 1328 4505 praebent.

185 4519 292 4575 deleuit
309 4521 363 4575 hoc
382 4520 519 4589 Ritterus,
538 4519 703 4589 Spengelins
722 4519 799 4574 abire
816 4517 899 4572 iussit
916 4517 945 4572 in
962 4518 1031 4587 fori,
1050 4517 1125 4586 quod
1143 4532 1206 4571 meo
1224 4514 1328 4570 iudicio

239 4621 325 4660 Tscrrr
338 4619 473 4661 Drunocvs.
1101 4611 1116 4660 'i
