3270 5168
319 411 362 474 22
515 473 525 488 .
828 408 949 463 mom

321 578 503 641 mentorum
527 577 584 639 aut
607 573 713 639 colore
738 573 970 638 sententiarum
986 577 1042 638 aut
1056 573 1161 638 nitore
1176 575 1209 636 ct
1223 573 1309 636 cultu
1325 570 1466 655 descrip-

320 681 446 747 tionum
461 681 618 746 inuitetus
633 684 666 745 et
680 684 848 765 corruptus
863 683 921 766 est,
935 684 1103 745 auersetur
1120 677 1315 766 [dicentem].
1348 679 1465 761 uulgus

322 809 448 873 quoque
473 787 699 852 adsistentium
718 792 752 853 et
775 788 909 852 effluens
933 791 966 852 et
980 807 1082 872 uagus
1098 786 1226 852 auditor
1241 786 1383 850 assueuit
1401 785 1466 848 iam

322 897 448 978 exigere
468 895 626 959 laetitiam
647 897 680 959 et
699 894 949 979 pulcritudinem
964 894 1133 978 orationis3
1153 915 1212 960 nce
1227 892 1331 978 magis
1345 893 1468 973 perfert
1484 910 1517 949 ιο

322 1005 356 1067 in
381 1002 507 1068 iudiciis
531 1002 659 1066 tristem
683 1005 715 1066 et
737 1002 897 1086 impexam
923 1001 1149 1086 antiquitatem
1174 1023 1272 1085 quam
1292 999 1319 1065 si
1339 999 1410 1084 quis
1433 997 1469 1062 in

323 1132 419 1175 scena
436 1111 474 1187 Q.
488 1108 586 1174 Rosci
610 1110 666 1172 aut
679 1108 853 1194 Turpionis
876 1111 960 1190 [aut]
985 1107 1129 1172 Ambiuii
1153 1107 1332 1192 exprimere
1357 1108 1469 1190 gestus

323 1217 411 1281 uelit.
447 1215 513 1280 iam
540 1233 617 1279 uero
645 1214 778 1279 iuuenes
808 1215 898 1278 etin
921 1215 992 1297 ipse
1016 1213 1195 1279 studiorum
1224 1214 1339 1280 incude
1363 1213 1471 1297 positi,

325 1324 380 1408 qui
403 1322 567 1406 profectus
591 1320 642 1385 sui
665 1342 763 1386 causa
786 1323 930 1386 oratores
949 1323 1122 1405 sectantur,
1144 1343 1211 1387 non
1228 1322 1335 1387 solum
1352 1320 1472 1404 audire,

325 1429 379 1494 sed
404 1430 502 1494 etiam
525 1427 645 1493 referre
669 1429 800 1496 domum
824 1429 946 1513 aliquid
969 1429 1095 1494 illustre
1119 1433 1152 1494 et
1166 1429 1300 1515 dignum
1314 1429 1471 1494 memoria
1486 1445 1517 1485 15

324 1537 438 1602 uolunt
460 1535 656 1618 traduntque
679 1535 713 1599 in
733 1535 837 1599 uicem
856 1557 894 1602 ac
910 1557 1006 1620 saepe
1027 1536 1060 1600 in
1075 1535 1218 1601 colonias
1233 1558 1269 1602 ac
1288 1536 1471 1621 prouincias

326 1666 401 1708 suas
434 1643 593 1725 scribunt,
624 1643 691 1707 siue
714 1642 755 1718 ‚in
783 1642 900 1707 subitis
929 1643 1009 1708 color
1038 1643 1155 1727 aliquis
1185 1646 1302 1728 arguta
1325 1646 1358 1707 et
1380 1644 1472 1708 breui

327 1750 489 1815 sententia
512 1750 633 1836 effulsit
657 1749 725 1813 siue
748 1750 837 1813 locus
862 1749 1021 1833 exquisito
1046 1753 1078 1814 et
1096 1749 1223 1833 poetico
1244 1751 1332 1815 cultu
1347 1751 1472 1815 enituit.

326 1857 467 1944 exigitur
490 1857 576 1920 enim
599 1855 664 1919 iam
684 1856 725 1919 ab
741 1858 868 1919 oratore
883 1855 981 1920 etiam
996 1856 1142 1939 poeticus
1158 1879 1278 1942 sermo,
1301 1879 1368 1922 non
1382 1856 1473 1922 Accii

327 1968 385 2029 aut
406 1962 538 2028 Pacuuii
562 1964 695 2026 ueterno
719 1961 922 2047 inquinatus,
945 1962 1000 2026 sed
1024 1984 1063 2026 ex
1078 1961 1208 2028 Horatii
1232 1967 1264 2028 et
1278 1962 1416 2050 Vergilii
1440 1966 1473 2028 ct
1488 1979 1517 2018 20

327 2071 449 2136 Lucani
481 2069 623 2135 sacrario
654 2069 809 2151 prolatus.
855 2068 971 2134 horum'
1001 2070 1101 2154 igitur
1129 2070 1260 2136 auribus
1289 2073 1322 2134 et
1348 2070 1474 2134 iudiciis

328 2179 558 2261 obtemperans
582 2179 766 2241 nostrorum
790 2177 955 2241 oratorum
979 2180 1068 2242 aetas
1091 2177 1257 2261 pulchrior
1279 2180 1312 2242 et
1330 2177 1475 2242 ornatior

329 2284 443 2349 extitit
484 2305 588 2369 neque
619 2283 692 2348 ideo
725 2283 833 2348 minus
861 2282 1007 2349 efficaces
1037 2287 1113 2349 sunt
1142 2285 1306 2349 orationes
1335 2286 1476 2367 nostrae,

329 2391 404 2476 quia
432 2390 473 2454 ad
502 2413 595 2455 aures
618 2390 829 2455 iudicantium
859 2413 930 2455 cum
958 2392 1127 2474 uoluptate
1150 2391 1352 2473 perueniunt.
1398 2392 1476 2476 quid

332 2498 417 2561 enirn
441 2495 469 2560 si
492 2497 670 2561 infirmiora
692 2497 810 2561 horum
833 2501 1016 2580 temporum
1039 2497 1161 2582 templa
1175 2496 1298 2583 credas,
1322 2498 1474 2582 quianon
1490 2510 1516 2552 25

332 2604 404 2668 rudi
428 2607 595 2667 caemento
620 2604 653 2665 et
675 2601 866 2666 informibus
885 2603 1005 2687 tegulis
1019 2605 1222 2688 extruuntur,
1247 2604 1301 2668 sed
1316 2626 1475 2669 marmore

285 2712 440 2784 21nitent
459 2712 491 2773 et
506 2730 583 2774 auro
597 2709 790 2774 radiantur?
813 2709 960 2794 equidem
974 2709 1101 2774 fatebor
1115 2710 1208 2775 uobis
1224 2711 1413 2795 simpliciter
1426 2734 1476 2775 me

335 2819 370 2882 in
395 2817 587 2902 quibusdam
611 2816 817 2901 antiquorum
840 2817 895 2882 uix
908 2818 1023 2902 risum,
1046 2817 1081 2882 in
1094 2817 1285 2901 quibusdam
1301 2821 1408 2883 autem
1423 2820 1476 2884 uix

334 2947 482 2990 somnum
505 2929 623 2990 tenere.
659 2947 718 2991 nec
743 2948 840 2990 unum
860 2925 898 2990 de
912 2926 1032 3009 populo
1056 2975 1241 2991 .........
1261 2924 1402 2991 Cannuti
1421 2930 1478 2990 aut

332 3030 422 3115 Arri,
445 3031 484 3096 de
498 3029 618 3097 Furnio
642 3035 676 3096 et
698 3032 854 3118 Toranio,
878 3055 958 3118 quos
982 3033 1016 3097 in
1031 3033 1142 3098 eodem
1157 3033 1384 3098 ualitudinario
1399 3035 1477 3100 haec

331 3161 406 3204 ossa
429 3140 462 3202 et
484 3137 564 3202 haee
587 3138 705 3203 macies
719 3140 874 3222 probant:
898 3139 968 3223 ipse
987 3139 1068 3203 mihi
1082 3138 1217 3225 Caluus,
1245 3161 1318 3204 cum
1332 3145 1477 3206 unumst
1505 3173 1518 3210 s

331 3244 465 3328 uiginti,
487 3248 525 3308 ut
547 3247 642 3330 puto,
665 3245 766 3310 libros
789 3245 970 3330 reliquerit,
993 3247 1047 3309 uix
1073 3246 1107 3309 in
1127 3269 1191 3312 uua
1210 3250 1267 3312 aut
1285 3248 1388 3312 altera
1407 3271 1475 3314 ora·

332 3350 476 3414 tirmcula
499 3351 579 3416 satis
602 3351 689 3417 facit.
726 3374 785 3417 nec
809 3352 978 3417 dissentire
997 3356 1120 3419 ceteros
1140 3356 1181 3419 ab
1196 3355 1257 3419 hoc
1272 3376 1345 3420 mco
1361 3355 1478 3421 iudicio

332 3455 442 3540 uideo;
466 3459 583 3540 quotus
608 3459 693 3523 enim
718 3459 853 3544 quisque
873 3456 967 3524 Calui
989 3459 1022 3524 in
1037 3459 1182 3526 Asicium
1205 3464 1262 3526 aut
1284 3461 1317 3526 in
1336 3461 1480 3528 Drusum

332 3645 545 3654 .-——-

405 3772 421 3820 8
441 3767 607 3822 aduersatus
620 3774 648 3821 u
663 3771 668 3839 Ι
684 3768 825 3823 dicentem
843 3769 952 3842 seclusit
969 3769 1091 3824 Schelius
1104 3770 1115 3838 ll
1129 3774 1162 3823 12
1182 3785 1266 3823 scena
1285 3770 1315 3836 Q.
1330 3771 1480 3828 Boettielce-

332 3865 397 3902 rus:
418 3865 532 3902 sccnam
547 3854 565 3903 0
586 3865 669 3904 scena
683 3866 699 3909 ς
716 3853 720 3920 Ι
737 3851 786 3903 aut
803 3850 912 3904 seclusit
926 3850 1040 3920 Lipsius
1053 3852 1063 3920 ΙΙ
1079 3856 1111 3903 14
1129 3866 1185 3902 non
1199 3855 1238 3904 u:
1257 3868 1308 3905 nec
1322 3857 1346 3904 ll
1362 3855 1366 3920 Ι
1383 3851 1480 3906 audire

333 3933 370 3980 ll:
390 3927 467 3981 adire
486 3931 536 3998 uu
551 3934 583 3984 17
604 3929 661 3984 suis
676 3931 808 3985 Halmius
823 3933 828 3997 Ι
843 3927 874 3981 in
893 3929 993 3984 subitis
1008 3931 1206 3986 Murtluudus:
1225 3930 1255 3985 in
1275 3931 1332 3986 suis
1347 3939 1366 3985 0
1382 3936 1387 4002 Ι
1404 3932 1481 3986 color

334 4010 433 4064 addidi
460 4009 470 4077 ΙΙ
498 4015 530 4064 19
550 4008 673 4080 exigitur
687 4011 814 4079 Lipsius:
834 4009 961 4080 exigetur
979 4015 1007 4062 u
1025 4012 1210 4065 exerceturll
1239 4015 1243 4083 l
1274 4013 1349 4067 enim
1367 4031 1416 4069 om.
1431 4013 1477 4084 ul

335 4107 425 4144 sermo
443 4091 555 4159 scripsi:
574 4090 658 4145 decor
691 4090 780 4160 lactii
798 4101 825 4146 Μ
848 4089 912 4146 attii
931 4107 948 4150 ς

406 4171 455 4227 21.
479 4179 495 4226 3
519 4171 554 4224 de
577 4170 682 4241 populo
700 4170 800 4242 ganuti
826 4172 876 4225 aut
898 4170 952 4225 atti
971 4171 1006 4225 de
1024 4171 1117 4226 furnio
1135 4175 1165 4227 et
1183 4172 1335 4228 coranioo
1360 4171 1480 4243 (toranio

336 4253 376 4320 ς);
399 4251 513 4307 Ouuutii
532 4253 600 4321 (siue
613 4253 709 4321 potius
729 4253 873 4324 Ouuuuiic)
892 4259 917 4308 ct
931 4254 1013 4307 Arrii
1031 4253 1144 4308 umuiuu
1163 4256 1245 4310 latere
1263 4256 1396 4308 iutellcuit
1412 4254 1480 4308 Gro-

336 4332 436 4386 uouius
458 4333 468 4400 ΙΙ
490 4339 506 4385 4
525 4348 594 4400 quos
613 4333 725 4402 scripsi:
745 4332 815 4387 alios
834 4340 861 4387 Ι
880 4333 981 4402 quique
1000 4331 1071 4387 ulios
1089 4339 1113 4385 ll
1135 4335 1139 4402 1
1163 4334 1234 4388 haec
1252 4332 1355 4387 macies
1377 4333 1481 4388 Grouo-

336 4412 413 4541 pius:
432 4411 506 4465 hane
524 4410 681 4465 maciemo
713 4415 723 4484 l
759 4417 843 4468 taut
862 4415 1043 4469 Puteolanus:
1068 4415 1134 4467 eto
1165 4416 1175 4483 ΙΙ
1207 4412 1361 4468 8asicium
1378 4430 1407 4472 ςι
1428 4411 1480 4466 asi·

350 4505 407 4541 mm
426 4495 445 4542 0
