3296 5168
330 389 373 454 58
658 385 949 444 COMMENTARIVS
969 385 1143 441 caturcis,

329 550 435 606 hendis.
474 550 546 605 latet
563 552 669 616 autem,
696 548 750 604 nisi
768 548 864 614 fallor,
889 547 961 601 illud
979 549 1038 602 noti
1060 546 1090 600 in
1108 547 1169 616 ipso
1187 546 1279 615 priore
1298 563 1366 601 non:
1391 565 1482 617 supra

329 631 432 685 lineam
453 629 625 700 adscriptum
644 630 704 684 noti
722 645 785 683 cum
803 627 876 683 falso
894 627 923 681 in
942 626 1091 690 uerborum
1105 625 1204 682 seriem
1223 626 1400 696 reciperetur,
1420 647 1481 684 non

330 710 421 765 solum
439 709 558 766 formam
572 710 716 778 paululum
738 707 868 776 mutauit,
887 707 937 762 sed
952 707 1038 762 etiam
1052 710 1095 776 (nt
1108 708 1194 763 ferme
1209 710 1251 780 fit)
1270 711 1367 766 turbas
1385 712 1481 766 mouit

283 825 286 834 .
330 790 497 859 depellendo
517 807 551 845 ex
570 789 635 844 sede
654 789 691 844 ab
713 788 774 857 ipso
793 789 930 857 occupata
951 787 1093 842 litterulas
1116 789 1204 858 napis
1223 789 1253 858 si,
1281 807 1352 858 quas
1374 791 1480 862 corrigi

330 889 379 941 per
407 888 506 926 uocem
528 870 746 940 suprascriptam
770 867 901 924 librarius
925 868 1115 924 existumauit.
1160 869 1213 924 hoc
1241 872 1335 926 antem
1363 871 1478 927 initium

329 952 379 1020 qui
399 953 488 1022 inopis
511 956 576 1006 sunt
597 949 724 1019 inprimis
748 966 902 1020 congruum
921 948 965 1002 est
983 965 1047 1002 cum
1070 949 1247 1016 sequentinm
1261 951 1478 1007 ‘enuntiatorum

329 1030 426 1087 initiis.

403 1117 436 1166 15
454 1113 501 1166 eccl
519 1111 600 1165 etiam
619 1111 696 1179 apud
715 1111 827 1164 iuuenes
845 1115 870 1164 et
888 1110 1072 1164 adolescentes.
1101 1126 1232 1179 peruerse
1252 1127 1336 1180 quam
1355 1111 1479 1167 maxime

330 1191 444 1245 iuuenes
470 1193 499 1246 et
521 1190 715 1246 adulescentes
738 1191 884 1256 tamquam
907 1205 1063 1258 synonyma
1085 1189 1248 1245 coniunctos
1269 1191 1372 1260 opponi
1390 1209 1479 1263 nego-

329 1269 410 1326 tiosis
424 1269 516 1340 (quasi
529 1272 579 1325 aut
595 1270 739 1340 proprium
753 1269 854 1324 luisset
867 1269 1000 1324 iuuenum
1015 1268 1056 1322 nil
1070 1285 1154 1338 agere
1167 1272 1218 1324 aut
1231 1269 1304 1324 inter
1317 1270 1479 1342 negotiosos

329 1351 401 1406 nulli
419 1352 579 1407 extitissent
601 1349 739 1420 iuuenes),
764 1349 837 1404 uidit
860 1347 1034 1403 Perizoniani
1057 1347 1148 1404 scriba
1170 1365 1273 1404 uacuos
1296 1367 1346 1420 pro
1365 1352 1479 1407 iuuenes

329 1448 475 1502 reponens.
511 1448 596 1500 quam
618 1430 763 1486 notionem
787 1429 811 1483 si
835 1429 913 1484 locus
935 1428 1090 1499 flagitaret,
1113 1430 1218 1495 quanto
1242 1431 1406 1499 praestabat
1422 1433 1480 1486 sibi

330 1513 466 1566 uiuentes!
513 1529 610 1566 uerum
638 1511 713 1566 enim
738 1525 805 1564 uero
830 1509 913 1578 longe
938 1507 1015 1564 aliud
1042 1508 1091 1561 ille
1118 1508 1237 1578 flagitat.
1284 1509 1478 1565 adulescentes

329 1591 402 1645 seria
420 1590 514 1646 studia
533 1591 657 1645 nondum
675 1589 801 1660 adgressi
821 1587 937 1680 (quales
948 1588 1022 1642 belle
1037 1587 1171 1642 describit
1189 1587 1335 1644 Terentius
1353 1589 1477 1644 Andriae

330 1674 427 1739 tesq.)
455 1687 591 1740 quosnam
619 1673 655 1726 ab
678 1672 770 1726 aetate
794 1669 905 1739 proprie
929 1667 959 1723 in
982 1667 1023 1722 nil
1046 1667 1154 1738 agendo
1173 1672 1285 1725 uersata
1310 1672 1399 1727 socios
1423 1671 1478 1725 sibi

329 1753 458 1818 poscant,
476 1750 603 1805 indicare
622 1749 692 1804 mihi
710 1749 822 1810 uidetur
840 1748 967 1804 additum
982 1749 1084 1818 quibus
1094 1749 1225 1802 nwdo—
1244 1766 1304 1818 spes
1322 1752 1380 1820 sui,
1399 1745 1483 1805 uide-⁹

329 1829 398 1884 licet
415 1846 525 1898 pueros
563 1847 633 1899 qnos
652 1829 741 1885 infero
756 1847 813 1884 non
832 1827 995 1882 conicienda
1011 1829 1128 1883 inuoetes
1142 1828 1191 1881 aut
1204 1829 1327 1884 inberbes
1345 1834 1477 1899 (quorum

329 1928 415 1963 unum
435 1910 471 1963 sb
489 1910 571 1965 huius
590 1911 704 1978 aetatis,
724 1910 845 1964 alterum
865 1909 901 1962 ab
920 1908 1003 1964 huius
1020 1909 1112 1964 libelli
1126 1927 1251 1965 sermone
1270 1911 1314 1964 est
1332 1910 1477 1979 alienum),

330 1989 379 2042 sod
397 1988 571 2048 restituendo
590 1990 799 2045 adulescentiae
818 1988 972 2058 proximos,
997 1988 1025 2042 id
1049 1991 1093 2044 est
1110 1991 1255 2059 inpuberes
1274 1989 1333 2046 siue
1352 1991 1476 2060 inpubes.

329 2075 358 2127 et
376 2070 441 2126 uide
460 2069 529 2124 mihi
552 2087 637 2138 quam
659 2070 756 2139 pulcro
781 2069 870 2123 ineis
892 2083 964 2136 quae
988 2069 1119 2122 secuntur
1142 2069 1178 2122 ab
1201 2086 1258 2124 una
1280 2071 1361 2139 parte
1383 2069 1477 2139 pueris

329 2154 358 2206 et
376 2150 602 2214 adulescentibus
620 2149 716 2218 liberi,
736 2150 837 2219 quibus
856 2145 934 2216 loqui
952 2145 1153 2217 incipientibus
1168 2148 1263 2202 statim
1278 2166 1295 2203 a
1313 2149 1478 2219 parentibus

329 2234 471 2286 oratorum
494 2231 607 2286 nomina
629 2231 808 2300 ingeruntur,
838 2229 874 2284 ab
901 2227 993 2282 altera
1016 2225 1169 2296 negotiosis
1192 2227 1334 2283 tunicatus
1357 2228 1477 2298 populus

329 2311 486 2382 uulgusque
510 2310 672 2380 imperitum
696 2310 846 2378 addantur,
869 2311 902 2364 ut
925 2325 1007 2362 omne
1032 2324 1120 2377 genus
1142 2305 1313 2364 urbanorum
1332 2309 1478 2364 hominum

329 2391 385 2446 iam
405 2389 665 2460 comprehendatur.

404 2476 438 2525 lt
455 2472 554 2539 quibus
572 2472 650 2525 morlo
668 2476 743 2530 recta
761 2475 786 2524 et
804 2470 908 2524 indoles
928 2474 966 2524 est
985 2474 1010 2524 et
1028 2471 1101 2524 tona
1118 2485 1178 2538 spes
1196 2469 1248 2524 sui.
1286 2469 1310 2524 si
1330 2469 1477 2524 scribimus

332 2552 374 2618 (ut
392 2551 478 2619 uulgo
497 2550 540 2617 fit)
563 2555 588 2603 et
613 2554 687 2604 rectu
705 2551 822 2617 indoles,
846 2566 902 2603 non
925 2551 1043 2619 apparet
1065 2566 1114 2602 cur
1131 2549 1209 2603 recta
1230 2549 1338 2605 indoles
1357 2553 1386 2605 et
1404 2551 1479 2606 bona

331 2647 393 2699 spes
414 2630 457 2684 sui
476 2632 621 2698 tamquam
640 2647 684 2684 res
704 2629 830 2683 diuersae
850 2629 1054 2695 discernantur,
1074 2629 1143 2683 haec
1158 2646 1221 2682 cum
1236 2628 1273 2683 sit
1290 2628 1367 2684 illius
1386 2645 1478 2686 comes

331 2712 416 2778 atque
436 2710 519 2780 spoia.
557 2711 632 2779 quod
650 2726 707 2764 non
725 2708 810 2763 latuit
828 2709 942 2764 doctum
962 2708 1145 2763 Ottoboniani
1168 2709 1289 2763 scribam
1308 2710 1386 2764 niodo
1403 2716 1478 2766 recta

330 2792 434 2846 indoles
457 2790 662 2846 restituentem.
705 2789 805 2845 melius
828 2790 923 2844 tamen
946 2803 996 2857 per
1018 2787 1134 2842 chiasmi
1157 2789 1399 2858 figuram'Tacito
1427 2790 1477 2844 ad-

329 2875 453 2926 amatam
473 2871 519 2944 [cf.
538 2870 743 2926 Weinlrauffius
761 2890 789 2940 p.
809 2875 844 2924 98
854 2869 906 2940 sq]
930 2867 1058 2923 dabimus
1081 2870 1159 2924 modo
1181 2871 1287 2925 indoles
1305 2877 1379 2925 recto
1396 2877 1435 2927 est
1453 2878 1478 2927 et

329 2954 402 3007 bona
419 2969 479 3022 spes
497 2953 550 3007 sui.
584 2951 678 3006 uerbis
692 2952 767 3006 male
781 2949 908 3005 traiectis
922 2953 996 3004 recte
1010 2948 1114 3003 indoles
1131 2948 1261 3004 librarius
1276 2951 1477 3020 transponendi

328 3035 424 3087 notam
439 3032 588 3100 adiecerat,
602 3049 687 3101 quam
702 3031 832 3100 deinceps
847 3047 898 3099 pro
913 3028 1031 3097 copulae
1041 3027 1206 3097 compendio
1217 3031 1284 3085 noto
1298 3032 1474 3101 acceperunt.

400 3117 433 3164 19
460 3112 492 3165 in
518 3112 679 3179 municipiis
706 3117 730 3164 et
758 3110 872 3165 coloniis
898 3109 958 3162 suis
987 3107 1104 3161 auditos.
1152 3108 1339 3178 Nipperdoius
1369 3111 1475 3181 [opusc.

329 3211 356 3260 p.
375 3190 440 3260 284]
461 3191 526 3258 post
544 3191 658 3243 coloniis
677 3189 742 3242 addi
761 3185 851 3241 noluit
869 3191 894 3240 et
908 3187 1078 3256 prouinciis;
1102 3187 1176 3254 quod
1196 3191 1224 3242 et
1243 3195 1319 3244 arcet
1337 3190 1473 3260 bipartita

329 3273 483 3324 ceterorum
499 3269 686 3322 membrorum
705 3265 889 3322 conformatio
904 3281 955 3320 nec
968 3281 1018 3335 per
1032 3281 1061 3319 se
1076 3268 1264 3323 necessarium
1280 3271 1331 3338 est,
1350 3270 1475 3338 quando·

331 3347 444 3416 quidem
459 3349 618 3416 pereprinos
636 3364 693 3403 non
707 3345 830 3415 ciuibus,
849 3345 899 3400 sed
912 3346 1019 3401 Itomae
1034 3346 1107 3401 natis
1126 3347 1270 3416 oppositos
1290 3346 1335 3404 hic
1349 3348 1476 3418 accipere

329 3446 361 3483 eo
381 3429 471 3498 magis
495 3428 562 3482 licet
585 3430 660 3497 quod
685 3429 809 3483 adwnae
832 3431 856 3481 et
874 3427 1016 3496 pereprini
1039 3443 1192 3496 synonyma
1216 3429 1303 3483 artius
1327 3430 1477 3484 cohaerent

330 3511 435 3581 (nerias
457 3508 685 3580 ‘Ankdmmlings
705 3526 754 3563 aus
773 3509 823 3563 der
841 3505 991 3572 Fremde').

249 3587 310 3643 c.8
401 3593 515 3656 tutor,
542 3605 600 3644 non
627 3591 718 3644 minus
745 3606 800 3644 esse
826 3590 858 3643 in
880 3588 1012 3642 canaam.
1054 3587 1119 3641 nolo
1142 3587 1225 3642 huius
1250 3588 1403 3658 scripturae
1429 3589 1475 3642 de-

329 3669 483 3726 fensionem
503 3688 520 3725 a
538 3661 638 3726 Petero
664 3671 833 3741 temptatam
852 3670 880 3724 et
902 3666 986 3736 plane
1009 3665 1203 3722 incredibilem
1227 3668 1323 3723 multis
1346 3669 1475 3724 rediture.

329 3748 472 3819 Rutgsrsii
495 3753 590 3806 autem
615 3751 760 3808 inuentum
783 3768 839 3805 non
862 3749 977 3804 minoris
1001 3763 1054 3802 esse
1082 3763 1146 3800 cum
1174 3746 1325 3816 displiceat
1349 3751 1379 3804 et
1399 3754 1476 3804 notos

329 3829 545 3899 (quodUrsinus
561 3832 702 3896 anteesse,
722 3830 833 3900 Lipsius
852 3831 918 3898 poet
935 3843 996 3894 esse,
1016 3825 1155 3895 Sanppius
1170 3830 1235 3882 ante
1252 3845 1309 3884 uon
1323 3830 1476 3898 addebant)

328 3911 403 3964 iusto
428 3909 466 3964 sit
488 3909 608 3964 debilius
631 3926 683 3963 nec
706 3907 902 3964 Meiserianum
925 3908 956 3962 in
986 3922 1032 3961 ore
1053 3921 1110 3960 nou
1136 3908 1229 3962 minus
1255 3925 1310 3963 esse
1337 3909 1476 3978 (similiter

329 4007 392 4043 mea
416 3990 514 4059 sponte
537 4005 590 4058 ego
614 3989 756 4057 quondam
779 4006 836 4044 non
859 3989 951 4044 minus
973 4003 1027 4042 esee
1048 3987 1080 4041 in
1107 4002 1153 4041 ore
1179 3987 1320 4044 leoninum
1346 3991 1378 4044 in
1405 3991 1475 4045 extr.

328 4069 512 4139 temptabam)
540 4068 632 4137 magis
661 4067 697 4123 sit
724 4067 862 4135 adfabile,
890 4084 990 4137 sequor
1013 4065 1199 4123 Ribbeckium
1227 4071 1256 4122 et
1283 4068 1475 4124 Andresenum

329 4149 449 4202 illustres
467 4147 650 4202 interminus
669 4149 953 4215 etesseinserentes3
973 4147 1009 4202 ci
1025 4149 1198 4216 c.t‚19nd
1216 4149 1337 4204 mnnirnn
1355 4151 1476 4219 peritiam

330 4229 458 4282 notitiam
475 4228 620 4282 illustrius.

401 4313 417 4360 6
436 4323 484 4362 nce
502 4307 551 4361 loc
569 4307 627 4362 illis
644 4307 758 4362 alterius
772 4313 812 4362 ter
830 4281 917 4365 milies
932 4311 1082 4364 sestertium
1093 4303 1227 4379 praestat
1260 4308 1361 4362 fundus
1381 4325 1474 4365 emen-

331 4386 452 4442 dationis
480 4386 523 4440 est
551 4387 677 4442 scholion
701 4386 738 4441 ad
760 4387 883 4444 quenal.
907 4387 946 4441 lV
970 4393 1003 4441 81
1029 4387 1068 4459 [p
1093 4395 1146 4444 224
1169 4387 1271 4459 lahuii]
1296 4405 1314 4442 a
1331 4386 1454 4457 Lipsio'
1445 4407 1476 4442 ιιι

331 4465 413 4519 docto
433 4482 550 4521 excursu
564 4467 599 4521 ad
614 4467 706 4524 Taciti
725 4484 788 4522 ann.
803 4468 854 4522 XII
870 4475 885 4522 6
903 4465 1065 4539 indicatum,
1085 4469 1134 4524 ubi
1147 4467 1190 4523 bis
1205 4466 1296 4522 milies
1316 4469 1475 4525 sestertium
