3270 5168
546 452 726 510 DIALOGVS
746 454 774 509 o.
797 461 908 510 13—16.
1258 453 1298 518 17
1376 437 1377 444 ‘

153 639 255 700 quam
277 616 439 699 inprobari
461 617 496 681 in
519 617 622 704 Apro,
650 619 737 703 quod
759 619 904 685 nondum
927 641 946 684 a
971 617 1150 684 scolasticis
1174 621 1299 684 contro-

148 724 268 788 uersiis
291 724 424 789 recessit
443 728 476 789 et
490 724 599 790 otium·
608 748 701 790 suum
715 729 841 791 mauult
854 749 1014 792 nouorum
1027 726 1193 791 rhetorum
1208 747 1297 791 more

149 853 250 914 quam
273 835 420 896 ueterum
445 836 609 898 oratorum
633 833 844 900 consumere'.
1093 903 1096 910 ,

242 938 326 1023 Tum
349 937 452 1024 Aper:
481 938 670 1026 ‘numquam
695 941 827 1026 desinis,
853 940 1005 1026 Messala,
1037 944 1148 1006 uetera
1169 941 1350 1007 tantumlb

150 1047 186 1109 et
208 1047 342 1130 antiqua
364 1047 489 1128 mirari,
513 1051 698 1112 nostrorum
725 1052 833 1112 autem
847 1052 1031 1133 temporum
1045 1047 1154 1112 studia
1167 1048 1298 1112 irridere

150 1157 251 1237 atque
274 1153 503 1244 contemnere?
530 1176 607 1218 nam
631 1155 716 1220 hune
739 1159 831 1219 tuum
855 1177 1036 1220 sermonem
1060 1176 1156 1240 saepe
1179 1155 1298 1238 excepi,

133 1281 224 1324 -eum
253 1260 371 1325 oblitus
400 1264 433 1325 et
460 1262 535 1325 tuae
564 1263 597 1325 et
619 1261 730 1327 fratris
753 1263 802 1327 tui
825 1263 1026 1347 eloquentiae
1049 1261 1211 1327 neminem
1234 1261 1297 1326 hoe

103 1387 117 1426 5
148 1369 297 1450 tempore
321 1369 483 1432 oratorem
498 1389 573 1454 ,esse
592 1369 804 1434 contenderes
825 1369 1011 1455 [antiquis],
1035 1391 1089 1454 eo,
1112 1368 1220 1453 credo,
1244 1391 1297 1434 au-

147 1473 270 1558 dacius,
294 1475 379 1558 quod
404 1475 542 1560 maligni
562 1476 748 1558 opinionem
764 1498 832 1542 non
846 1477 1026 1560 uerebaris‚
1049 1498 1122 1542 cum
1137 1497 1208 1540 eam
1227 1475 1295 1559 glo-

146 1581 246 1664 riam,
270 1603 368 1664 quam
390 1581 452 1646 tibi
477 1582 532 1645 alii
556 1583 752 1666 concedunt,
776 1583 856 1666 ipsis
879 1587 916 1647 tu
940 1582 1137 1668 denegares'.

239 1685 367 1770 ‘Neque
395 1687 502 1752 illius'
535 1689 641 1772 inquit
670 1687 851 1754 *sermonis
880 1690 945 1754 mei
971 1689 1203 1774 paenitentiam
1231 1709 1294 1774 ogo

148 1813 254 1876 neque
273 1795 330 1856 aut
343 1791 525 1858 Secundum
539 1797 596 1859 aut
609 1793 793 1860 Maternum
808 1803 865 1860 aut
878 1800 910 1860 te
924 1797 1040 1880 ipsum,
1062 1794 1159 1880 Aper,
1183 1817 1294 1880 quam-

110 1919 136 1956 1o
151 1918 249 1981 quam
271 1898 432 1964 interdum
461 1900 495 1963 in
524 1901 720 1966 contrarium
744 1901 904 1986 disputes,
931 1902 1025 1967 aliter
1048 1902 1166 1966 sentire
1190 1901 1294 1966 credo.

148 2025 186 2066 ac
209 2004 308 2068 uelim
331 2006 544 2090 impetratum
569 2008 610 2072 ab
631 2007 740 2092 aliquo
760 2012 919 2094 uestrum,
941 2013 979 2073 ut
1001 2030 1114 2074 causas
1136 2007 1233 2073 huius
1247 2009 1294 2073 in·
1342 1991 1347 2000 ¹

146 2109 258 2175 finitae
281 2111 481 2178 differentiae
506 2117 667 2179 scrutetur
691 2137 729 2180 ac
750 2116 877 2200 reddat,
900 2138 980 2202 quas
1003 2136 1128 2180 mecum
1144 2115 1214 2198 ipse
1227 2114 1293 2198 ple-

146 2239 282 2308 rumque
304 2221 469 2304 conquiro.
506 2224 546 2297 et¹
558 2217 642 2305 q'u'od
662 2222 855 2306 quibusdam
870 2223 990 2288 solacio
1005 2226 1067 2306 est,
1090 2222 1175 2286 idem
1195 2222 1293 2285 etiam

147 2323 254 2390 Graiis
279 2327 446 2412 accidisse,
476 2327 557 2392 mihi
581 2332 679 2414 auget
703 2321 939 2414 quaestionem,
962 2329 1038 2415 quia
1059 2328 1140 2392 haut
1163 2328 1292 2412 longius

103 2449 131 2489 15
146 2430 229 2495 abiit
251 2432 290 2496 ab
312 2431 473 2499 Aeschine
497 2437 530 2498 et
552 2433 770 2500 Demosthene
793 2433 949 2501 Sacerdos
972 2436 1035 2501 iste
1052 2433 1182 2500 Nicetes
1206 2439 1240 2499 et
1262 2437 1289 2500 si

144 2538 218 2622 quis
252 2538 335 2604 alius
364 2539 531 2624 Ephesum
565 2541 617 2606 uel
644 2540 818 2626 Mytilenas
851 2542 1114 2608 contentionibus
1147 2543 1291 2608 scolasti-

141 2666 255 2710 corum
280 2650 313 2710 et
335 2647 531 2713 clamoribus
547 2649 666 2734 quatit,
690 2671 786 2735 quam
802 2649 882 2714 Afer
897 2653 955 2714 aut
966 2641 1141 2716 Africanus
1156 2653 1213 2716 aut
1229 2672 1290 2716 nos

144 2751 209 2834 ipsi
234 2775 253 2815 5
276 2750 430 2819 Cicerone
453 2760 510 2818 aut
533 2756 575 2820 ab
598 2754 714 2820 Asinio
736 2755 947 2821 recessimus?

238 2857 424 2943 ‘Magnam'
453 2861 560 2946 inquit
585 2859 749 2926 Secundus
779 2861 829 2926 ‘et
860 2863 994 2947 dignam
1019 2865 1162 2928 tractatu
1195 2868 1343 2949 quae-16

146 2964 284 3028 stionem
307 2967 447 3032 mouisti.
485 2967 541 3032 sed
563 2969 635 3052 quis
653 2990 725 3032 eam
738 2968 855 3032 iustius
869 2969 1046 3053 explicabit
1059 2992 1157 3054 quam
1180 2974 1225 3056 tu,
1249 2971 1289 3035 ad

146 3071 233 3134 cuius
249 3093 407 3137 summam
423 3074 637 3140 eruditionem
652 3079 685 3139 et
698 3075 1016 3160 praestantissimum
1030 3077 1195 3162 ingenium
1210 3100 1288 3143 cura
1351 3165 1353 3168 Ι

149 3199 273 3262 quoque
296 3176 330 3243 et
353 3181 522 3247 meditatio
546 3180 716 3247 accessit?

111 3313 122 3350 5
230 3284 275 3349 ut
298 3284 439 3351 Messala
462 3285 628 3371 ‘operiam'
651 3289 760 3374 inquit
783 3287 1009 3375 ‘cogitationes
1033 3313 1136 3376 meas,
1159 3285 1288 3357 si'illud

148 3391 284 3455 auobis
317 3396 392 3457 ante
418 3393 649 3481 impetrauero,
681 3399 718 3460 ut
747 3418 806 3461 uos
836 3411 963 3482 quoque
993 3420 1173 3464 sermonem
1203 3399 1288 3464 hunc

149 3502 293 3562 nostrum
317 3499 497 3566 adiuuetts’.

213 3733 246 3781 22
265 3726 409 3796 inprobari
427 3729 538 3783 addidit
555 3728 752 3800 Andrcsenus}
768 3747 786 3785 5
802 3736 842 3784 uz
862 3731 898 3785 ab
916 3737 940 3785 11

214 3806 260 3862 15.
281 3813 295 3859 1
315 3823 469 3874 numquam
487 3807 596 3877 scripsit
616 3824 683 3860 num
702 3814 721 3861 0
739 3826 797 3864 non
815 3826 832 3868 ς
852 3813 895 3881 15
915 3811 1038 3881 antiquis
1057 3813 1165 3868 55515511
1183 3813 1286 3870 Acidu-

152 3881 247 3952 1155116
266 3885 385 3954 maligni
403 3904 462 3956 coo:
481 3885 602 3956 maligni
620 3885 649 3940 iu
668 3888 712 3943 his
730 3893 785 3958 (uel
803 3889 848 3960 iis)
867 3896 895 3943 11
912 3891 1045 3962 malignis
1064 3891 1099 3946 iis
1118 3895 1164 3962 1111
1184 3900 1198 3948 7
1218 3893 1286 3961 ipsis

151 3963 179 4013 tu
191 3965 296 4032 scripsi:
310 3963 366 4032 ipsi
379 3965 461 4020 tibio
475 3967 536 4038 ipse
550 3966 605 4020 tibi
619 3983 635 4026 ς
648 3970 659 4037 11
674 3976 705 4022 13
721 3971 854 4039 conquiro
864 3980 897 4036 0:
912 3972 1022 4041 inquiro
1037 3989 1053 4032 ς
1070 3973 1074 4045 Ι
1092 3979 1169 4044 1359.
1184 3975 1285 4029 solatio

128 4045 191 4094 'est
214 4042 282 4096 mihi
310 4047 396 4112 auget
423 4047 628 4116 quaestionem,
657 4049 724 4116 quia
750 4051 832 4106 uideo
861 4055 947 4108 etiam
975 4054 1064 4123 gratis
1093 4054 1228 4110 accidisse
1254 4058 1286 4108 ut

155 4120 252 4190 longius
272 4130 304 4193 0,
323 4126 420 4179 traieci
438 4132 463 4180 ct
480 4132 586 4184 correxi
605 4127 708 4198 (Graiis
726 4132 783 4185 inm
801 4133 979 4204 aleonum)
997 4137 1007 4204 11
1032 4141 1064 4188 16
1084 4133 1157 4187 abiit
1173 4138 1284 4206 scripsi:

155 4201 219 4256 absit
235 4211 252 4256 0
271 4203 391 4259 abiisset
408 4211 445 4272 51
462 4208 498 4260 51)
517 4209 628 4264 addidit
647 4209 882 4279 Frankofurtono
900 4233 925 4268 o.
947 4217 1035 4283 15421
1056 4216 1191 4270 sacerdos
1211 4220 1285 4271 Orel-

156 4281 344 4350 1155111155155
363 4285 491 4354 Lipsius:
511 4288 599 4343 enitet
616 4293 659 4359 01
675 4297 707 4345 16
722 4293 949 4348 contentionibus
967 4295 1077 4363 scripsi:
1097 4298 1244 4350 contentus
1257 4301 1285 4348 11

157 4365 290 4417 concentus
308 4372 332 4418 11
354 4369 364 4434 1
388 4372 420 4421 17
439 4383 491 4421 nos
510 4383 539 4425 ςε
558 4385 608 4422 uos
627 4373 671 4440 01
690 4377 723 4424 18
743 4373 779 4426 ab
797 4378 836 4426 11:
855 4390 906 4428 om.
925 4380 949 4426 11
968 4378 973 4443 1
993 4375 1158 4428 recessimus
1177 4375 1284 4432 Andre·

157 4457 236 4496 senus:
251 4447 404 4501 recessistis
424 4453 443 4500 0
985 4519 988 4524 ¹

218 4522 258 4577 le.
277 4532 292 4578 2
312 4527 427 4580 mouisti
446 4528 572 4598 Lipsius:
591 4530 721 4586 mouistis
741 4537 814 4604 0110
834 4532 858 4586 51
877 4537 986 4592 addidit
1004 4552 1021 4594 ς
1037 4539 1042 4605 1
1058 4535 1134 4590 istud
1153 4543 1177 4590 lt

204 4621 278 4663 Trcrrr
292 4627 427 4668 Dunoovs.
462 4619 466 4626 '
1054 4633 1069 4679 2
