3296 5168
323 414 365 478 82
649 366 942 470 conunarsnivs
962 381 1136 470 carricvs.

300 577 429 644 'ponunt
447 576 534 630 uerba
548 581 580 630 ut
593 581 713 630 oratores
726 576 814 630 nonni
829 606 858 615 —
876 576 1021 644 dicantur,
1039 575 1073 628 ut
1090 574 1232 644 quomodo
1251 565 1377 630 nonnulli
1390 571 1472 631 docti

322 655 357 709 de
375 655 500 725 ipsorum
518 657 660 710 oratorum
679 654 882 710 exclamatione
901 655 1089 724 cogitauerint
1111 654 1140 710 in
1160 655 1275 710 obscuro
1295 656 1344 724 sit3
1369 658 1470 726 estque

322 752 366 790 res
385 735 456 791 adeo
477 738 575 806 apertu
596 752 647 806 per
670 752 712 802 se,
736 736 900 805 neutiquam
924 738 956 790 ut
979 735 1016 789 sit
1035 751 1104 804 opus
1122 751 1185 790 cum
1203 735 1339 790 Rhenano
1358 738 1469 806 quibua-

322 817 386 870 dcnn
410 818 458 871 aut
482 833 544 870 cum
568 815 704 870 Teuffelio
728 817 900 871 audientium
923 819 1056 871 autenm
1074 814 1187 869 Halmio
1205 816 1347 882 fautorum
1364 815 1467 872 inferre

320 895 533 951 uiolentissimis
552 896 762 952 mutationibus.
792 896 936 965 quaeritur
948 895 1014 965 iam,
1033 915 1099 950 num
1119 895 1245 951 clausula
1262 901 1287 950 ci
1304 897 1467 952 exclamatio

320 977 410 1046 possit
436 976 522 1046 iungi.
569 975 745 1032 tolerandam
772 974 845 1031 hano
872 977 1030 1031 iuncturam
1058 975 1193 1044 dicerem,
1222 975 1247 1030 si
1274 979 1404 1046 ageretur
1431 977 1467 1031 de

322 1056 433 1112 oratore
452 1073 653 1126 possumusque
672 1055 800 1125 accipere
819 1056 854 1112 de
873 1056 955 1112 huius
975 1057 1095 1127 quadam
1120 1055 1322 1111 exclamatione
1345 1055 1374 1110 in
1392 1057 1468 1112 clau·

321 1137 382 1190 sula
399 1136 500 1206 posita.
538 1152 584 1191 eos
604 1138 698 1192 autem
718 1135 767 1205 qui
785 1136 821 1190 ad
841 1135 983 1192 auditores
1001 1135 1154 1191 referentes
1177 1137 1219 1203 (ut
1243 1153 1309 1191 sane
1333 1136 1466 1192 debemus

321 1215 435 1286 referre)
459 1215 613 1271 clausulam
638 1231 696 1270 esse
720 1215 800 1270 aiunt
823 1217 972 1287 quodlibet
990 1215 1094 1271 dictum
1113 1217 1250 1284 facetum,
1273 1216 1350 1272 fallit
1372 1216 1466 1286 opinio

320 1297 471 1366 propterea
489 1295 564 1366 quod
583 1297 708 1350 clausula
727 1312 837 1366 semper
855 1297 1006 1366 usurpatur
1029 1297 1063 1350 de
1086 1296 1140 1351 fine
1159 1294 1314 1352 senmntiae
1337 1297 1465 1364 alicuius,

321 1394 404 1445 quam
428 1393 494 1432 sane
518 1380 612 1433 orator
635 1393 719 1446 saepe
743 1377 847 1432 clausit
868 1377 897 1432 in
921 1393 1004 1432 sensu
1027 1377 1127 1444 arguto
1150 1377 1180 1430 et
1201 1374 1277 1431 salso
1300 1377 1466 1447 lepidoque3

321 1457 355 1510 de
375 1474 429 1527 quo
449 1456 525 1512 uocis
543 1475 596 1512 usu
614 1458 674 1511 tam
693 1473 728 1511 ex
745 1456 842 1511 libello
866 1457 961 1511 nostro
986 1472 1071 1525 quam
1094 1455 1208 1510 aliunde
1227 1458 1272 1510 sat
1291 1458 1401 1512 constat
1419 1457 1465 1525 (cl.

319 1536 486 1607 interpretes
505 1537 541 1592 ad
561 1555 583 1593 c.
603 1543 636 1592 22
656 1537 722 1608 fin).
758 1537 854 1606 itaque
873 1554 936 1592 cum
956 1535 1096 1591 clausulae
1116 1535 1284 1590 uocabulum
1302 1538 1381 1592 uetat
1398 1553 1467 1605 quo·

320 1617 412 1674 minus
430 1618 501 1672 haec
520 1617 560 1672 sic
580 1622 612 1672 ut
629 1617 690 1672 fieri
708 1619 820 1688 oportet
838 1618 873 1672 de
888 1615 1066 1672 audientibus
1080 1615 1260 1685 accipiamus,
1279 1615 1378 1671 Orellii
1395 1617 1467 1672 nont

318 1699 408 1763 entis,
428 1697 566 1767 Schopeui
585 1703 617 1752 nt
633 1699 674 1752 sic
692 1697 809 1754 dixerim
827 1696 1002 1766 aliorumque
1020 1696 1050 1750 in
1067 1694 1125 1749 illis
1139 1696 1210 1751 aaut
1227 1697 1271 1751 tie
1289 1697 1466 1752 coniecturae

321 1777 357 1831 ad
375 1775 495 1831 nihilum
514 1777 649 1834 recidunt.
688 1778 789 1833 scimus
812 1779 907 1834 antem
931 1777 999 1847 quid
1023 1777 1163 1832 oratorum
1183 1777 1281 1846 quales
1299 1775 1346 1831 hic
1364 1776 1465 1834 descri-

319 1856 423 1911 buntur
437 1855 579 1911 auditores
593 1856 811 1912 exclamaueriut
825 1858 912 1913 exeis
931 1874 1002 1926 quae
1021 1859 1163 1923 secuntum
1184 1858 1233 1911 sed
1252 1874 1300 1911 cur
1318 1857 1466 1926 quandoue

319 1937 361 1991 iia
380 1936 600 1992 exclamauerint
617 1937 763 1993 nescimus.
797 1937 862 1992 uide
878 1935 1019 1992 Ciceronis
1038 1936 1260 2007 [orat.44,149]
1279 1937 1374 2006 uerba,
1394 1953 1466 2007 quae

319 2018 462 2088 egregiam
489 2015 675 2086 disputationi
703 2019 815 2072 nostrae
842 2017 933 2071 lucem
961 2015 1119 2086 effiminat,
1153 2018 1289 2072 contiones
1315 2034 1395 2087 saepe
1421 2034 1466 2072 ea-

318 2100 436 2153 clamare
458 2098 533 2164 nidi,
562 2113 622 2151 cum
645 2103 707 2165 apte
732 2098 816 2152 uerba
844 2098 1013 2164 conducent,
1041 2098 1093 2152 hoc
1122 2098 1176 2166 est,
1205 2098 1234 2152 in
1262 2098 1388 2154 clausula
1415 2117 1466 2152 uu·

317 2196 439 2247 merosa;
467 2178 542 2233 idem
568 2177 636 2232 ibid.
666 2183 717 2232 173
746 2178 851 2232 theatra
879 2182 935 2233 iola
959 2178 1125 2244 exclamant,
1148 2179 1174 2232 si
1195 2177 1252 2245 snit
1275 2178 1466 2248 consyllaba

319 2261 511 2330 ...loupiac
555 2256 611 2312 iam
635 2257 709 2313 ultro
736 2259 804 2328 puto
829 2274 863 2312 ax
885 2257 978 2313 uerbis
1002 2257 1166 2314 deformatis
1194 2258 1263 2312 haec
1291 2256 1346 2311 tibi
1374 2257 1467 2313 elucet

318 2341 425 2411 species
438 2338 561 2410 genuina
574 2340 709 2408 frequens,
727 2340 772 2392 ci.
789 2380 795 2393 .
811 2381 817 2394 .
833 2381 839 2393 .
855 2339 981 2393 clanculo
999 2344 1045 2406 est,
1064 2339 1232 2394 acclamatio.
1261 2355 1353 2406 neque
1372 2339 1464 2407 qualis

317 2420 363 2474 hic
382 2418 556 2489 designanda
575 2418 612 2472 sit
628 2418 753 2472 clausula
770 2418 800 2472 in
814 2417 947 2488 ambiguo
966 2421 1022 2486 est;
1041 2418 1151 2475 scilicet
1168 2435 1224 2487 qua
1243 2417 1352 2479 dicatur
1371 2423 1466 2475 orator

316 2498 434 2553 lasciuia
447 2499 596 2553 uerborum
610 2499 640 2552 et
652 2496 769 2551 leuitate
785 2498 939 2552 sentcntiae
955 2500 984 2552 et
997 2499 1112 2555 licentia
1126 2497 1338 2569 compositionis
1352 2499 1465 2555 histrio·

316 2579 394 2632 nales
414 2578 569 2647 exprimere
583 2577 688 2630 modos.
717 2576 792 2645 quod
810 2577 917 2632 iudicat
935 2578 965 2632 id
984 2579 1058 2648 quod
1073 2596 1106 2634 cx
1121 2579 1255 2635 litterulis
1275 2581 1363 2634 cattis
1381 2579 1466 2635 elicui

317 2657 484 2712 attributum
503 2657 599 2711 mollis.
638 2674 689 2712 noc
709 2657 781 2711 enim
800 2658 889 2712 dulcis
906 2658 936 2713 in
954 2676 1012 2713 rem
1032 2659 1161 2727 quadrat.

390 2744 422 2792 18
438 2740 504 2808 plue
522 2739 568 2792 uis
585 2736 683 2791 babeat
700 2754 782 2807 quam
796 2738 949 2808 canocicis.
978 2739 1071 2809 recepi
1085 2739 1251 2810 Wopkeueii
1265 2741 1463 2811 coniecturam,

205 2845 208 2852 ⁴
317 2835 388 2888 quac
412 2835 445 2873 ex
467 2817 560 2872 uerbis
585 2818 763 2886 sequentibus
787 2834 844 2874 non
861 2823 972 2888 pupnot
994 2820 1040 2874 sed
1062 2821 1175 2876 rr'aatcr
1202 2820 1323 2880 maxime
1351 2813 1479 2877 uidetur¹

318 2897 520 2954 commendari:
548 2898 608 2952 uiri
626 2896 851 2968 Lueuemannus,
866 2899 951 2969 puris
969 2897 1222 2968 Schurnfleischius‚
1240 2901 1300 2954 aaa
1315 2900 1347 2954 A.
1364 2902 1464 2956 Schoe-

317 2979 388 3049 nius,
407 2981 479 3047 sellis
493 2977 713 3047 Peerlkampius,
728 2980 821 3034 carnis
834 2979 979 3048 Meiserus,
995 2981 1063 3034 salis
1076 2979 1248 3034 Ribbeckiar
1262 2980 1463 3050 praetulerunt.

389 3067 422 3114 21
438 3061 599 3129 plerumque
616 3059 741 3114 deiectus.
770 3059 875 3114 accedo
890 3059 1059 3129 Ribbeckio,
1079 3059 1128 3129 qai
1147 3077 1195 3114 cur
1213 3062 1330 3116 ducatus
1348 3065 1464 3119 moueat

317 3140 503 3211 suspitionem
526 3139 690 3208 explanauit
714 3137 794 3209 [mus.
822 3141 910 3196 Rhen.
939 3140 1055 3194 XXVIII
1078 3159 1104 3210 p.
1129 3141 1202 3212 5οη.
1250 3143 1298 3196 sed
1326 3144 1462 3213 disiectus,

317 3221 393 3288 qnod
411 3219 472 3289 ipse
490 3219 648 3288 proposuit,
667 3235 724 3274 non
743 3219 825 3274 uideo
845 3222 983 3288 quomodo
1007 3220 1144 3275 translate
1167 3221 1256 3291 possit
1279 3223 1409 3293 usurpari
1428 3224 1462 3279 de

317 3297 441 3364 homiae;
477 3315 528 3352 nec
553 3296 714 3368 Lipsianum
749 3297 865 3352 &lectus
896 3301 944 3355 ubi
971 3319 1023 3378 pro
1050 3302 1167 3356 intectus
1194 3303 1314 3372 ponatur
1342 3303 1462 3360 inuenio.

317 3377 415 3431 ardore
435 3376 626 3430 aduersarium
644 3377 762 3432 feriendi
786 3377 834 3448 qui
856 3395 965 3451 semper
984 3382 1117 3448 aufertur,
1137 3383 1193 3436 cito
1212 3383 1306 3452 perdit
1323 3383 1397 3439 uires
1415 3383 1462 3439 de-

314 3457 506 3527 fatigatasque
529 3457 585 3512 iam
611 3475 667 3512 non
693 3458 745 3513 rite
768 3461 883 3531 pugnat.
911 3492 943 3500 —
970 3460 1071 3515 deinde
1094 3462 1181 3516 uerba
1205 3465 1376 3533 sequentibus
1393 3481 1462 3520 conc

313 3543 433 3606 paratus
452 3536 570 3607 expellit
588 3537 763 3594 Andresenus
781 3539 819 3610 [p.
837 3542 908 3612 174],
928 3559 983 3610 quo
998 3542 1066 3596 duce
1081 3541 1174 3611 potius
1189 3542 1217 3596 id
1233 3545 1308 3612 quod
1327 3545 1463 3600 subicitur

315 3624 412 3674 ceteros
435 3618 464 3672 in
488 3635 531 3674 ecs
553 3619 675 3675 mutuat
698 3619 834 3676 Halmius.
877 3619 970 3690 siquid
996 3620 1044 3676 hic
1071 3623 1265 3692 corrigendum
1289 3626 1333 3678 est
1358 3626 1462 3696 (potest

314 3699 410 3753 autem
434 3698 593 3769 tautologia
616 3700 793 3769 aliquatenus
816 3700 942 3770 mitigari
964 3701 1054 3756 uideri
1077 3702 1315 3758 intercedentibus
1335 3707 1380 3760 tot
1398 3703 1462 3759 aliis

316 3777 452 3833 orationis
471 3779 622 3850 membris),
642 3785 739 3836 ceteros
758 3781 889 3849 equidem
906 3779 936 3834 in
955 3788 1064 3836 mactes
1086 3781 1302 3837 tansformandi
1322 3783 1461 3840 extiterim

315 3860 420 3914 auctor.

385 3944 420 3992 32
440 3943 472 3992 ut
489 3954 517 3992 sc
535 3942 599 3992 onte
618 3937 771 3993 Ciceronem
789 3947 924 4009 namnet,
947 3944 994 3997 ced
1007 3943 1093 4011 plone
1109 3947 1171 4011 post
1190 3942 1388 3999 Gabinianum.
1426 3945 1461 3999 de

314 4017 455 4074 sententia
479 4035 542 4072 cum
565 4017 643 4072 nulla
666 4017 704 4072 sit
727 4017 880 4089 dubitatio,
902 4021 988 4076 uerba
1009 4021 1044 4074 ad
1064 4021 1232 4077 seutentiam
1250 4026 1283 4078 ut
1300 4024 1460 4080 adcommo-

315 4097 415 4153 dentur
434 4099 551 4168 oportet.
588 4097 721 4153 rhetorici
740 4097 870 4154 dicuntur
888 4099 991 4157 friuola
1009 4099 1175 4171 adrogantia
1193 4103 1239 4158 uel
1257 4103 1460 4173 perfectissimo

314 4179 341 4234 in
363 4178 523 4248 eloquentia
541 4178 601 4234 uiro
622 4196 651 4234 se
669 4195 853 4250 praeponere,
872 4197 935 4235 cum
954 4182 1049 4235 tamen
1067 4198 1123 4236 non
1142 4181 1286 4252 adspirent
1305 4183 1341 4237 ad
1360 4183 1461 4239 summi

313 4258 342 4312 in
366 4275 417 4313 sua
441 4257 566 4326 ipsorum
589 4260 650 4313 arte
673 4257 794 4314 hominis
817 4259 949 4330 gloriam,
978 4260 1033 4315 hoc
1062 4263 1105 4316 est
1119 4303 1125 4317 .
1141 4304 1148 4318 .
1164 4304 1170 4316 .
1185 4269 1319 4330 numeret,
1347 4265 1397 4319 etsi
1423 4264 1462 4318 eit

308 4338 394 4406 plane
418 4342 483 4408 poet
513 4336 711 4394 Gabinianum.
758 4339 855 4396 uotum
885 4340 1029 4409 nimirum,
1057 4345 1132 4412 quod
1160 4343 1196 4398 ad
1224 4343 1334 4398 dicendi
1362 4361 1459 4414 genus,

311 4414 496 4472 Horatianum
515 4435 600 4491 nepae
618 4424 678 4476 erac
695 4417 789 4490 Lydia
807 4426 872 4489 post
891 4420 1004 4489 Uticam
1024 4422 1099 4491 quod
1123 4424 1160 4478 ad
1182 4421 1298 4495 uitium,
1322 4427 1387 4494 post
1409 4425 1460 4480 etsi

311 4496 428 4554 uoculae
443 4497 621 4556 omissionem
638 4516 722 4556 causa
736 4503 835 4571 aperta
847 4501 952 4556 factam
965 4502 1002 4558 eit
1019 4502 1049 4558 in
1062 4503 1110 4557 aed
1123 4500 1226 4572 corrigi
1241 4504 1456 4558 consentaneum
