3270 5168
334 400 373 463 18
845 398 964 452 TAOITI

420 561 493 628 ‘Pro
517 563 656 628 duobus’
680 564 785 647 inquit
807 562 974 628 Maternus
999 561 1179 646 ‘promitt03
1202 585 1279 627 nam
1304 567 1337 627 et
1361 585 1421 649 ego
1441 570 1481 629 et

243 707 260 730 ,ν
330 667 493 734 Secundus
518 691 711 755 exequemur
733 693 788 735 eas
811 674 935 754 partes,
965 691 1043 754 quas
1071 670 1327 735 intellexerimus
1350 674 1383 735 te
1406 693 1479 737 non

329 779 396 840 tam
420 777 567 841 omisisse
592 799 688 860 quam
710 776 804 841 nobis
828 777 1004 861 reliquisse.
1041 773 1167 860 Aprum
1182 777 1268 840 enim
1288 778 1391 842 solere
1411 777 1478 842 diu·
1498 796 1532 836 10

262 917 292 946 ·.
330 883 450 948 sentire
479 887 512 949 et
539 887 575 948 tu
602 884 698 968 paulo
723 886 797 948 ante
826 883 936 948 dixisti
959 887 992 947 et
1013 883 1082 967 ipse
1107 883 1185 948 satis
1209 883 1401 950 manifestus
1425 889 1479 949 est

328 991 393 1055 iarn
417 990 535 1055 dudum
558 991 592 1056 in
616 991 814 1056 contrarium
838 991 964 1076 accingi
987 1013 1046 1055 nec
1070 1012 1172 1076 aequo
1202 991 1310 1055 animo
1333 992 1477 1075 perferre

328 1098 413 1162 hanc
435 1101 581 1164 nostram
603 1121 662 1182 pro
686 1099 892 1182 antiquorum
916 1097 1010 1162 laude
1034 1096 1260 1162 concordiam'.

419 1203 506 1271 ‘Non
535 1204 632 1270 enim’
661 1203 768 1288 inquit
790 1202 879 1287 Aper
907 1202 1099 1268 ‘inauditnm
1122 1187 1157 1267 et
1179 1202 1379 1269 indefensum
1406 1227 1477 1270 sae·

330 1312 436 1378 culum
459 1315 605 1378 nostrum
626 1312 737 1400 patiar
759 1310 953 1398 hacuestra
972 1309 1210 1394 conspiratione
1225 1308 1380 1375 damnari.
1417 1312 1522 1376 sed15

329 1419 391 1485 hoe
414 1420 555 1504 primum
573 1418 796 1504 interrogabo,
820 1440 900 1502 quos
920 1418 1041 1484 nocetis
1064 1417 1229 1502 antiquos,
1252 1439 1350 1502 quam
1369 1422 1478 1484 orato·

329 1548 399 1590 rum
425 1529 564 1591 aetatem
586 1525 826 1612 significatione
850 1527 914 1590 ista
937 1523 1167 1590 determinetis.
1208 1545 1269 1609 ego
1293 1526 1475 1591 enimcum

255 1661 267 1672 =
329 1632 423 1697 audio
448 1633 615 1718 antiquos,
638 1634 794 1718 quosdam
817 1635 1000 1698 ueteres'et
1024 1631 1101 1696 olim
1124 1633 1220 1696 natos
1244 1632 1413 1720 intellego,
1436 1655 1475 1698 ac

328 1738 409 1803 mihi
432 1743 603 1803 uersentur
630 1743 705 1805 ante
730 1741 839 1806 oculos
863 1738 976 1804 Vlixes
1000 1740 1032 1804 et
1055 1737 1191 1823 Nestor,
1219 1761 1355 1823 quorum
1383 1743 1474 1806 aetas

281 1931 286 1940 Ι
327 1845 416 1910 mille
439 1846 506 1910 fere
529 1850 562 1911 et
584 1847 737 1911 trecentis
762 1846 855 1910 annis
875 1847 1037 1910 soeculum
1051 1849 1201 1910 nostrum
1216 1848 1389 1930 antecedit5
1412 1869 1471 1910 uos
1487 1864 1516 1902 20

328 1957 435 2017 autem
449 1951 702 2018 Demosthenem
717 1956 749 2018 et
762 1953 962 2037 Hyperidem
976 1953 1136 2038 profertis,
1156 1974 1235 2039 quos
1251 1953 1330 2017 satis
1344 1954 1472 2016 constat

327 2059 470 2144 Philippi
494 2062 527 2124 et
541 2059 718 2125 Alexandri
740 2060 940 2145 temporibus
964 2059 1127 2144 floruisse,
1150 2059 1197 2124 ita
1219 2060 1329 2123 tamen
1346 2061 1384 2121 ut
1400 2056 1471 2120 bulo

328 2167 459 2251 utrique
480 2167 670 2250 superst'tes
694 2170 814 2233 essent.
851 2189 890 2231 ex
912 2189 976 2252 quo
1000 2165 1136 2252 apparet
1157 2187 1222 2230 non
1240 2164 1470 2248 multoplures

328 2296 425 2358 quam
449 2273 703 2360 quadringentos
736 2296 838 2340 annos
871 2274 1026 2340 interesse
1059 2274 1146 2339 inter
1176 2275 1323 2337 nostram
1351 2273 1384 2336 et
1410 2271 1473 2336 De-

328 2381 508 2446 mosthenis
531 2384 679 2446 aetatem.
716 2383 800 2466 quod
825 2383 966 2467 spatium
980 2381 1135 2464 temporis
1151 2380 1180 2445 si
1194 2380 1235 2444 ad
1249 2379 1472 2444 infirmitatem
1487 2395 1513 2434 2⁵
1617 2405 1618 2412 ¹

328 2508 498 2571 corporum
517 2490 702 2552 nostrorum
720 2489 856 2572 referas,
874 2488 1012 2553 fortasse
1027 2488 1162 2574 longum
1176 2487 1337 2580 indentur,
1361 2485 1416 2550 sed
1433 2483 1472 2548 ad

328 2614 501 2658 numerum·
523 2593 722 2658 saeculorum
746 2616 783 2659 ac
806 2598 988 2678 respectum
1014 2595 1165 2661 immensi
1188 2594 1283 2659 huius
1308 2593 1379 2658 aeui
1402 2612 1472 2676 per-

330 2723 426 2785 quam
451 2700 548 2763 breue
568 2701 600 2763 et
618 2700 652 2763 in
666 2701 815 2784 proximo
830 2705 887 2766 est.
925 2723 1001 2766 nam
1016 2703 1055 2785 si,
1074 2706 1110 2766 ut
1124 2700 1235 2768 (licero
1250 2702 1284 2765 in
1297 2697 1472 2765 Hortensio

328 2807 453 2892 scribit,
485 2807 512 2872 is
542 2811 592 2872 est
620 2829 759 2892 magnus
792 2812 825 2874 et
852 2830 948 2874 uerus
972 2830 1091 2893 annus,
1123 2831 1187 2894 quo
1215 2808 1327 2873 eadem
1354 2805 1472 2891 positio

326 2917 409 2982 caeli
420 2915 630 3003 siderumque,
645 2939 725 3000 quae
736 2939 809 2983 cum
820 2917 960 2982 maxime
971 2918 1029 2995 est,
1043 2937 1170 2980 rurum
1178 2916 1304 3000 existet,
1313 2916 1404 2998 isque
1415 2934 1469 2978 an·
1484 2930 1509 2968 ³⁰

327 3047 387 3088 nus
402 3023 519 3089 horum
534 3045 614 3106 quos
628 3046 688 3088 nos
701 3045 852 3089 uooamus
863 3045 1021 3088 annorum
1029 3008 1279 3088 x—nnccccnnn
1290 3018 1471 3105 complecti-

306 3216 308 3221 .
327 3134 389 3212 tur,
404 3130 607 3194 conuincitur
620 3128 858 3193 Demosthenes
873 3131 989 3213 uester,
1004 3152 1098 3213 quem
1113 3151 1172 3194 nos
1188 3132 1329 3192 ueterem
1344 3129 1377 3189 et
1391 3123 1470 3188 anti·

330 3257 428 3318 quum
446 3234 585 3320 fingitis,
607 3257 674 3300 non
689 3235 794 3299 solnm
809 3235 920 3300 eodem
936 3258 1021 3301 anno
1040 3259 1104 3321 quo
1118 3258 1192 3320 nos,
1212 3233 1267 3298 sed
1280 3235 1346 3298 iam
1361 3229 1471 3296 eodem

276 3351 440 3418 ltmense
464 3341 617 3407 extitisse.
655 3341 737 3423 [sed]
762 3345 892 3407 transeo
915 3343 955 3407 ad
970 3343 1105 3409 Latinos
1125 3344 1281 3426 oratores,
1303 3340 1337 3404 in
1357 3338 1470 3423 quibus

327 3471 393 3514 non
406 3448 594 3514 Menenium
617 3452 654 3512 ut
677 3451 755 3533 puto
769 3445 967 3535 Agrippam,
990 3450 1045 3535 qui
1064 3451 1173 3535 potest
1195 3447 1297 3512 uideri
1313 3446 1471 3532 antiquos,

325 3558 512 3642 nostrornm
535 3557 719 3638 temporum
742 3554 870 3619 disertis
894 3560 1095 3642 anteponere
1119 3549 1244 3638 soletis,
1268 3553 1323 3618 sed
1347 3550 1469 3618 (licero-

326 3686 402 3728 nem
425 3668 458 3729 et
481 3663 660 3748 Caesarem⁸
675 3663 708 3726 et
732 3658 876 3727 (laelium
910 3667 943 3728 et
966 3661 1104 3729 Caluum
1127 3666 1160 3727 et
1181 3660 1320 3726 Brutum
1343 3663 1377 3724 et
1398 3657 1469 3724 Asi-

327 3773 418 3836 nium
441 3776 475 3837 et
493 3772 681 3854 Messalam,
704 3792 784 3855 quos
809 3769 885 3854 quid
908 3773 956 3837 tto
979 3771 1121 3856 antiquis
1140 3769 1249 3854 potius
1270 3769 1492 3853 temporibus⁵

399 4008 431 4057 19
446 4003 475 4056 et
488 4007 527 4054 11:
547 4017 580 4055 ac
593 4006 617 4054 lt
630 4001 638 4073 1
653 4003 785 4068 mnestor,
805 4007 836 4056 ut
855 4002 973 4072 uidetur,
991 4007 1018 4054 Ι
1031 4003 1040 4072 11
1055 4006 1088 4055 22
1103 3999 1169 4054 huic
1183 4001 1294 4056 addidit
1312 3999 1448 4054 Votienus
1459 3993 1467 4063 11
1496 4003 1503 4020 ·

326 4089 360 4137 24
379 4081 599 4151 quadringentos
619 4081 746 4150 Lipsius:
766 4083 907 4136 trecentos
927 4087 945 4136 0
968 4084 979 4153 11
1001 4088 1035 4136 26
1055 4082 1104 4135 sed
1121 4084 1232 4153 scripsi:
1253 4081 1277 4134 si
1296 4085 1315 4131 0
1335 4081 1395 4152 (om.
1415 4075 1443 4142 ς)
1461 4073 1467 4144 1

326 4169 358 4216 27
384 4179 530 4215 nnmerum
552 4163 665 4230 scopu:
688 4165 818 4216 naturam
841 4169 860 4216 0
896 4166 906 4234 11
942 4169 974 4216 31
999 4164 1030 4216 iu
1059 4178 1172 4218 nummo
1195 4159 1311 4216 DOOCO
1336 4156 1468 4210 Nicotaus

326 4243 452 4297 Lacessis:
472 4241 564 4296 Dcco
585 4247 603 4295 0
626 4244 636 4312 11
659 4247 693 4296 32
712 4241 888 4298 conuincitur
906 4245 1017 4312 serpsi:
1036 4240 1174 4311 incipito
1197 4246 1200 4311 1
1221 4241 1315 4292 uester
1333 4240 1372 4289 1:
1391 4235 1466 4288 uide-

301 4325 483 4392 ι00111133
503 4321 628 4376 sedium
647 4324 756 4390 scripsi:
777 4323 922 4376 sedfama
941 4327 959 4375 0
980 4322 1140 4381 sedleres

398 4403 446 4458 17.
468 4411 479 4456 1
502 4403 551 4456 sed
569 4403 678 4457 coelunt
697 4403 724 4456 I.
748 4403 790 4456 W.
809 4403 928 4458 Boetius
941 4405 980 4471 112
999 4403 1158 4457 meneninm
1178 4415 1207 4457 s:
1226 4411 1271 4449 me
1289 4394 1409 4450 nimium
1429 4393 1465 4465 01

326 4484 358 4536 nt
375 4485 444 4550 puta
463 4483 593 4538 Halmius
605 4486 646 4552 114
665 4483 784 4537 coelium
804 4499 832 4540 ςε
852 4483 939 4536 olium
958 4485 1030 4551 0110
1050 4481 1092 4535 ita
1110 4479 1208 4536 addidi
