3270 5168
602 439 785 496 DIALOGVS
805 440 834 496 C.
855 447 932 496 7-9.
1300 437 1338 499 11

195 609 265 690 scat,
289 609 414 673 ceteros
438 606 566 691 quidem
590 606 710 671 amicos
734 628 811 671 suos
834 606 875 670 iis
898 604 973 690 niti,
999 627 1080 690 quae
1104 604 1146 668 ab
1165 604 1235 687 ipso
1250 624 1337 668 acce-

196 715 303 797 perint
321 735 466 799 quaeque
480 712 544 796 ipsi
558 712 759 778 accumulare
775 715 807 776 et
821 713 855 778 in
870 713 951 778 alios
967 733 1139 797 congerere
1154 714 1340 795 promptum

157 837 183 877 2⁵
198 821 253 905 sit,
276 818 465 885 Marcellum
484 822 592 885 autem
611 825 645 885 ct
659 818 810 904 Crispum
830 821 980 885 attulisse
999 820 1038 884 ad
1058 818 1235 883 amicitiam
1250 840 1341 882 suam

154 948 156 952 ·
198 927 283 1011 quod
306 949 374 992 non
397 949 416 990 a
438 927 581 1010 principe
610 927 792 1010 acceperint
814 949 873 991 nec
896 926 1000 1011 accipi
1021 926 1133 1011 possit.
1169 925 1340 990 minimum

197 1035 283 1098 inter
304 1032 376 1098 haec
398 1037 450 1099 tot
473 1056 510 1099 ac
532 1037 627 1098 tanta
650 1034 757 1100 locum
781 1035 930 1118 optinent
957 1034 1115 1118 imagines
1139 1055 1176 1097 ac
1199 1032 1285 1097 tituli
1310 1037 1342 1097 et

199 1142 339 1225 statuae,
371 1163 452 1225 quae
479 1163 581 1225 neque
609 1137 693 1226 ipsa'
708 1145 820 1207 tamen
851 1143 1080 1228 negleguntur,
1112 1144 1178 1206 tam
1212 1139 1341 1205 hercule

199 1269 296 1331 quam
323 1247 454 1314 diuitiae
481 1251 514 1312 et
542 1270 633 1332 opes,
665 1270 745 1333 quas
773 1249 900 1314 facilius
929 1249 1074 1314 inuenies
1102 1249 1157 1333 qui
1181 1249 1344 1331 uituperet

159 1372 185 1412 ³⁰
199 1377 296 1439 quam
326 1356 382 1440 qui
408 1356 564 1442 fastidiat.
614 1354 665 1419 his
692 1354 794 1439 igitur
824 1358 858 1419 et
883 1355 1059 1421 honoribus
1088 1358 1121 1419 et
1144 1355 1343 1420 ornamentis

199 1464 231 1524 et
254 1461 463 1527 facultatibus
486 1461 622 1527 refertas
645 1461 758 1526 domos
782 1483 893 1526 eorum
916 1461 1080 1545 uidemus,
1105 1462 1160 1546 qui
1182 1483 1217 1526 se
1236 1461 1277 1526 ab
1296 1461 1343 1524 in-

198 1557 294 1633 eunte
317 1568 535 1634 adolescentia
562 1566 667 1632 causis
691 1565 873 1644 forensibus
898 1570 930 1632 et
955 1568 1097 1633 oratorio
1121 1568 1227 1633 studio
1252 1567 1343 1631 dedc-

198 1677 284 1740 runt
320 1697 397 1739 nam
421 1675 564 1740 carmina
587 1663 619 1739 et
641 1695 767 1758 uersus,
790 1674 906 1759 quihus
930 1677 1033 1740 totam
1056 1676 1158 1740 uitam
1175 1674 1341 1740 Maternus
1365 1686 1388 1750 9

199 1782 361 1846 insumere
385 1785 479 1865 optat
501 1779 591 1868 (inde
610 1782 696 1846 enim
719 1782 824 1846 omnis
845 1781 940 1845 fluxit
962 1779 1090 1868 oratio),
1112 1803 1216 1866 neque
1240 1782 1344 1867 digni-

199 1891 300 1952 tatem
323 1889 423 1954 ullam
448 1889 632 1954 auctoribus
656 1889 722 1954 suis
746 1888 922 1954 conciliant
944 1909 1048 1974 neque
1071 1889 1247 1954 utilitatem
1271 1889 1343 1953 soli·

199 1994 287 2080 dam,
309 1995 510 2080 uoluptatem
529 1999 637 2060 autem
656 1997 801 2080 breuem,
824 1995 951 2059 laudem
970 1996 1099 2060 inanem
1118 2000 1150 2060 et
1167 1997 1344 2062 infructuo-

171 2123 268 2168 ssam
296 2106 543 2187 consequontur.
588 2103 665 2168 licet
693 2103 774 2167 hacc
801 2103 874 2187 ipsa
901 2107 934 2168 et
957 2125 1039 2187 quae
1063 2103 1176 2168 deinde
1200 2103 1343 2168 dicturus

157 2225 162 2233 '
199 2233 270 2275 sum
298 2233 390 2275 aures
418 2214 505 2294 tuae,
533 2209 696 2295 Materne,
723 2214 895 2294 respuant:
923 2211 975 2274 cui
1003 2211 1088 2277 hono
1118 2201 1190 2294 est,¹
1208 2211 1235 2274 si
1259 2209 1345 2293 apud

199 2320 231 2380 te
259 2316 487 2402 Agamemnon
515 2321 572 2382 aut
598 2316 696 2382 lason
726 2317 844 2381 diserte
872 2317 1037 2400 loquitur?
1089 2317 1161 2400 quis
1189 2316 1261 2381 ideo
1290 2317 1346 2381 do-

200 2444 288 2487 mum
312 2423 462 2488 defensus
482 2425 515 2487 et
532 2423 594 2489 tibi
613 2412 780 2508 obligatus
798 2422 904 2487 redit?
938 2423 1010 2508 quis
1030 2420 1171 2487 Saleium
1189 2426 1346 2507 nostrum,

200 2530 365 2615 egregium
387 2533 519 2616 poetam
542 2532 609 2615 uel,
631 2530 658 2594 si
677 2530 739 2596 hoc
758 2528 1023 2612 honorificentius
1042 2534 1107 2614 est,
1128 2530 1345 2616 praeclarissi-

160 2660 288 2702 romum
312 2641 435 2722 uatem,
458 2637 586 2704 deducit
608 2641 664 2702 aut
688 2639 809 2703 salutat
832 2641 889 2703 aut
910 2638 1138 2723 prosequitur?
1178 2659 1293 2722 nempe
1318 2639 1346 2702 si

200 2745 322 2809 amicus
347 2747 429 2829 eius,
454 2746 482 2810 si
505 2745 720 2829 propinquus,
744 2745 772 2810 si
795 2746 931 2830 denique
954 2746 1024 2829 ipse
1047 2747 1080 2810 in
1101 2746 1230 2830 aliquod
1247 2763 1355 2830 nego-¹.

201 2853 283 2917 tium
311 2851 471 2935 inciderit,
500 2850 540 2916 ad
563 2852 650 2916 huno
674 2836 855 2917 Secundum
877 2856 1033 2936 recurret,
1061 2856 1118 2916 aut
1140 2852 1181 2916 ad
1203 2856 1250 2935 te,
1277 2853 1345 2916 Ma·
1381 2867 1386 2874 ·

200 2962 305 3043 terne,
333 2958 495 3043 nunquia
518 2961 615 3043 poeta
639 2979 673 3023 es
696 2981 798 3044 neque
827 2961 864 3025 ut
885 2980 944 3043 pro
968 2981 1006 3024 eo
1031 2980 1143 3023 uersus
1166 2948 1282 3043 facias3
1309 2958 1345 3022 hi

201 3065 288 3130 enim
310 3063 414 3131 Basso
438 3063 526 3130 domi
548 3067 740 3148 nascuntur,
766 3064 870 3148 pulcri
893 3065 1021 3149 quidem
1045 3069 1078 3150 et
1099 3065 1241 3149 iocundi,
1268 3087 1345 3150 qno-

161 3200 186 3241 a
200 3196 271 3238 rum
298 3176 409 3238 tamen
436 3172 489 3238 hic
517 3173 621 3237 exitus
648 3175 714 3258 est,
744 3175 797 3257 ut,
825 3195 897 3237 cum
926 3176 996 3239 toto
1025 3195 1123 3252 anno,
1151 3195 1207 3258 per
1235 3195 1346 3239 omnes

201 3281 278 3364 dies,
296 3301 415 3366 magna
429 3280 573 3346 noctium
588 3282 681 3364 parte
696 3301 795 3343 unum
810 3277 929 3343 librum
945 3271 1077 3345 'excudit
1091 3282 1124 3344 et
1137 3278 1347 3364 elucubrauit,
1432 3302 1434 3306 ·

200 3380 316 3471 rogare
339 3387 424 3451 ultro
449 3390 482 3451 et
504 3386 627 3450 ambire
646 3389 797 3470 cogatur,
820 3388 857 3450 ut
876 3385 943 3462 sint
961 3387 1015 3470 qui
1035 3386 1208 3472 dignentur
1227 3387 1346 3451 audire.

201 3497 234 3558 et
260 3516 302 3558 ne
329 3493 362 3558 id
389 3494 518 3578 quidem
543 3493 659 3578 gratis3
687 3515 762 3557 nam
791 3496 824 3557 et
853 3493 983 3558 domum
1011 3496 1179 3559 mutuatur
1201 3491 1234 3558 et
1258 3494 1359 3559 audi-1

202 3600 321 3666 torium
346 3600 465 3686 extruit
487 3604 521 3665 et
547 3599 702 3665 subsellia
724 3597 875 3664 conducit
898 3602 931 3663 et
952 3600 1080 3666 libellos
1103 3600 1281 3685 dispergit:
1315 3604 1347 3664 et

162 3736 189 3776 ao
202 3711 239 3773 ut
262 3687 468 3774 beatissimus
491 3706 714 3772 recitationem
738 3705 806 3800 eius
830 3709 964 3770 euentus
987 3708 1214 3791 prosequatur,
1242 3707 1346 3771 omnis

201 3815 260 3878 illa
281 3815 353 3880 laus
375 3815 462 3880 intra
489 3835 589 3879 unum
615 3816 671 3878 aut
694 3813 832 3878 alterum
854 3813 939 3878 diem
963 3815 1080 3893 circas,
1106 3814 1178 3879 deta
1201 3814 1290 3877 uelut
1313 3814 1346 3876 iu
1446 3872 1451 3886 x

272 4051 307 4099 23
326 4043 381 4098 scit
399 4045 498 4100 addidi
522 4047 528 4114 Ι
551 4043 585 4098 iis
604 4048 644 4096 n:
662 4039 707 4094 his
725 4047 749 4093 n
766 4043 777 4110 ΙΙ
797 4048 831 4096 24
850 4039 906 4110 ipsi
923 4041 1052 4111 Lipsius:
1071 4041 1140 4110 ipsis
1160 4048 1179 4096 0
1204 4046 1208 4111 Ι
1232 4044 1348 4111 fortasse

202 4127 252 4180 aut
269 4126 300 4180 in
319 4122 390 4178 alios
404 4126 461 4194 1125
480 4122 519 4177 sit
536 4125 680 4178 Halmius:
700 4123 745 4176 est
763 4123 853 4190 01126
871 4123 963 4193 possit
980 4129 1016 4176 n:
1036 4122 1147 4194 possint
1160 4129 1187 4176 H
1200 4125 1210 4194 ss
1224 4130 1257 4178 27
1276 4123 1347 4177 haec

202 4206 312 4262 addidit
336 4203 473 4258 Vahleaas
486 4205 496 4272 ss
510 4209 543 4258 28
561 4205 676 4270 fortasse
693 4203 753 4257 tam
770 4219 870 4273 parum
888 4203 1001 4258 hercule

274 4286 304 4340 o.
328 4282 518 4351 3utilitatem
537 4282 656 4337 solidam
675 4283 851 4340 Ribbeclu'as:
875 4282 1014 4341 utilitates
1034 4283 1151 4336 alunto
1179 4284 1188 4354 ΙΙ
1215 4289 1346 4338 tconse-

202 4365 323 4432 quantur
340 4369 367 4416 Π
386 4363 593 4430 consequuntur
611 4369 647 4430 R,
671 4365 789 4419 correait
809 4364 973 4420 Ribbeclu'us
1003 4367 1007 4430 Ι
1037 4361 1137 4416 deinde
1155 4369 1193 4416 H:
1214 4361 1346 4432 deinceps

202 4450 226 4496 R
244 4447 289 4514 118
309 4442 426 4498 saleinm
444 4449 483 4497 1:
503 4440 640 4496 caeleium
659 4444 749 4512 (coel.)
768 4448 792 4495 n
814 4444 824 4511 l
848 4448 879 4495 11
900 4443 958 4498 eius
977 4449 1016 4497 12
1036 4446 1080 4499 est
1097 4449 1121 4496 Π
1138 4447 1148 4516 ΙΙ
1167 4449 1199 4497 12
1220 4443 1347 4502 decurret

203 4524 362 4579 Groaoca‘as
374 4525 385 4593 l
399 4529 431 4577 21
451 4523 502 4578 illa
519 4527 559 4580 11:
577 4521 634 4580 ista
652 4528 675 4576 Ν
690 4527 696 4592 1
710 4522 804 4581 uirens
823 4520 890 4580 dein
907 4524 1006 4584 addidi
