3296 5168
317 423 359 490 76
643 421 934 480 COMMENTARIVS
953 419 1128 479 calnlcve.

314 585 510 642 amianarum
528 601 591 640 oum
609 585 793 655 interpretum
812 581 1047 639 adnotationibus.
1085 583 1220 654 scriptum
1238 585 1311 652 arat,
1331 585 1466 654 utputo,

314 665 344 720 iu
362 665 416 721 fine
435 664 527 721 lineae
546 667 578 720 in
595 665 657 720 sulti
675 663 785 719 omissis
808 661 839 717 in
857 679 947 720 noune
969 663 1061 720 lineae
1079 663 1161 720 initio
1180 663 1296 733 reliquis
1319 666 1355 720 us
1373 667 1464 734 colam

315 763 371 816 quo
389 746 473 802 modo
488 763 571 816 saepe
586 745 738 816 peccarunt
756 742 873 811 soribae,
892 744 1027 814 deditque
1045 744 1091 800 hic
1105 761 1182 800 error
1196 746 1283 800 semel
1297 745 1465 804 commissus

313 825 429 884 librario
447 823 608 896 insequenti
626 840 721 880 ausam
740 823 907 879 restituendi
925 824 1001 892 quod
1019 824 1138 878 latinum
1157 826 1232 879 aeret
1248 826 1281 880 in
1298 827 1363 881 nais.

387 912 419 961 19
433 907 559 976 poeticus
576 906 656 960 &aar
673 921 730 960 non
748 903 829 960 Accii
847 907 897 959 aut
916 903 1037 958 Pacuuii
1054 909 1164 959 aeterne
1183 904 1353 974 inquinatae.
1381 908 1462 961 recte

314 987 358 1042 est
379 987 558 1042 obseruatum
582 985 618 1040 ab
641 984 803 1039 Andreseno
827 984 867 1055 [p.
893 984 971 1056 laa],
996 984 1087 1054 ipsam
1107 982 1262 1038 ontionem
1279 987 1394 1040 aeterno
1417 986 1462 1040 in-

314 1065 437 1135 quinari,
462 1065 599 1135 quidquid
623 1063 697 1120 enim
720 1064 777 1117 iam
795 1063 973 1132 inquinatum
994 1063 1043 1131 sit,
1065 1080 1122 1118 non
1141 1063 1275 1118 decorum
1293 1082 1374 1134 posse
1392 1066 1460 1123 dici.

314 1162 387 1215 quae
405 1145 521 1202 offendo
546 1163 609 1200 oum
626 1160 683 1199 non
706 1143 824 1198 tollatur
842 1143 993 1199 Halmium
1011 1144 1171 1199 coniectura
1188 1145 1392 1216 inquinamus,
1415 1164 1460 1201 re·

316 1225 473 1295 ponendum
492 1219 562 1295 p‘uto
580 1240 665 1280 samo
683 1239 734 1294 pro
752 1225 839 1280 decan.

213 1323 236 1361 o.
256 1305 292 1362 ul
383 1312 399 1360 3
426 1322 475 1362 nee
502 1321 589 1361 emuna
616 1305 649 1359 de
671 1304 777 1373 populo
803 1306 903 1373 penali
935 1311 985 1360 aut
1016 1307 1069 1362 atti
1101 1308 1135 1362 de
1165 1308 1263 1375 surena
1295 1311 1320 1362 et
1346 1309 1460 1363 eurania

314 1386 413 1456 quque
435 1386 505 1440 aliae
527 1385 559 1440 in
577 1385 666 1440 eodem
683 1384 889 1439 valitudinario
909 1388 974 1442 tace
992 1403 1053 1442 oasa
1072 1393 1097 1443 et
1114 1387 1186 1442 hanc
1202 1389 1314 1442 nauem
1327 1387 1458 1457 probant.

313 1468 342 1521 in
361 1466 424 1522 loco
443 1465 526 1535 plane
546 1467 695 1535 desperato
709 1467 776 1522 nolo
794 1467 894 1537 longus
909 1481 981 1522 essa:
1005 1467 1037 1520 tn
1056 1466 1120 1521 uida
1133 1465 1336 1536 Nipperdeium
1351 1463 1458 1538 [opus'e.

313 1566 340 1618 p.
366 1546 529 1618 coe-am]
559 1545 769 1602 accuratissime
797 1547 832 1602 da
861 1562 893 1602 eo
921 1544 1112 1616 disputantem
1141 1544 1280 1615 simulque
1307 1549 1459 1616 praeeunte

314 1627 455 1683 Gronouio
469 1627 634 1696 testimonia
648 1629 682 1682 de
696 1627 765 1698 ipsis
775 1626 933 1682 oratoribus
947 1626 993 1682 hic
1003 1626 1227 1682 commemoratis
1237 1629 1459 1697 componentem.

313 1710 377 1778 post
399 1708 433 1762 de
451 1710 555 1778 popleta
578 1709 718 1763 inseruere
742 1709 840 1778 loquar
862 1709 905 1762 nti
928 1705 1066 1776 Silligius,
1094 1708 1241 1762 minabo
1264 1707 1461 1777 Nipperdeius,

313 1788 404 1842 dicam
417 1786 565 1842 Michaelis
579 1788 740 1856 (memorabo
754 1793 805 1843 aut
822 1789 912 1846 dicam
926 1787 993 1842 ante
1011 1787 1044 1842 de
1057 1786 1169 1842 Furnio
1182 1785 1323 1858 Haasius).
1359 1788 1460 1844 deinde

315 1866 464 1923 dmentem
487 1873 537 1923 aut
559 1867 676 1922 Arrium
698 1867 874 1922 Fenninmue
900 1868 1048 1923 nominabo
1075 1866 1244 1936 Gronouius,
1273 1867 1461 1938 Nipperdeius

315 1947 482 2004 Cannutium
497 1947 672 2002 antArritun
686 1949 731 2002 uel
743 1947 870 2003 Fanniae
883 1953 908 2003 et
919 1947 1055 2002 Tonantes
1069 1947 1211 2017 scripsere.
1234 1946 1336 2002 iterum
1351 1965 1461 2004 summa

313 2030 358 2084 est
375 2027 515 2083 dubitatio
534 2028 569 2082 de
588 2028 641 2082 line
659 2026 810 2094 enuntiati,
830 2043 893 2108 cum
911 2027 1080 2096 praesertim
1097 2027 1175 2097 ipsae
1189 2027 1317 2083 codicum
1335 2028 1460 2084 familiae

313 2110 449 2165 fluctuent
465 2108 539 2164 inter
562 2107 660 2178 putatae
683 2109 752 2163 alios
775 2109 804 2162 et
826 2108 908 2162 alioer
936 2123 1106 2176 proposuere
1129 2109 1229 2178 quique
1251 2109 1304 2164 alti
1325 2109 1460 2178 Muretus,

313 2191 411 2260 paipue
438 2190 491 2245 alii
518 2187 643 2258 Lipsius,
674 2189 795 2259 aliaeque
819 2189 868 2258 pai
891 2188 1051 2256 Michaelis,
1079 2205 1196 2258 anama
1222 2190 1292 2245 alios
1306 2231 1313 2245 .
1329 2229 1335 2243 .
1351 2231 1357 2243 .
1374 2191 1461 2245 .lsaea

312 2271 413 2328 nacta
434 2271 553 2340 mebant
576 2267 743 2325 Gronouius.
780 2268 901 2339 denique
924 2269 1018 2338 ipsum
1040 2267 1111 2322 illud
1129 2270 1252 2337 mebant
1273 2269 1459 2339 corruptionis

313 2353 466 2422 arguerunt
482 2349 625 2405 Acidaliae
639 2351 778 2420 wodani,
798 2350 922 2405 littterus
936 2351 1070 2420 praebent
1089 2348 1268 2405 conicientes.

385 2435 401 2484 6
420 2430 472 2484 uia
490 2429 522 2482 in
544 2444 602 2482 una
625 2429 756 2483 etaltera
773 2430 952 2485 oratiuncula
974 2430 1119 2498 satisfacit.
1157 2427 1197 2484 sio
1215 2447 1288 2484 nunc
1307 2431 1459 2485 seeundum

314 2509 423 2565 codices
441 2509 528 2578 uulgo
547 2507 673 2563 scribunt
691 2509 725 2563 de
743 2509 886 2564 latinitate
906 2509 1003 2564 secum.
1045 2525 1118 2562 unae
1136 2509 1249 2563 alatur·
1268 2509 1305 2578 (u.
1325 2515 1406 2579 atque
1423 2528 1459 2581 a,

313 2606 340 2644 u.
365 2589 494 2658 alterque)
518 2588 660 2659 significat
681 2589 812 2643 nonnulli
835 2587 893 2642 siue
918 2589 1080 2658 complura,
1103 2590 1200 2643 contra
1222 2605 1296 2644 unae
1318 2594 1368 2644 aut
1390 2592 1460 2646 alter

314 2668 436 2737 (alterae)
461 2667 539 2722 ualet
559 2669 645 2737 pauci
668 2667 713 2736 (cf.
733 2667 806 2724 Dial.
826 2687 850 2724 o.
869 2674 898 2734 93
923 2674 970 2734 293
995 2669 1048 2738 89).
1085 2667 1227 2722 inuenitur
1250 2668 1365 2737 quidem
1383 2669 1460 2725 locus

314 2765 385 2802 unus
404 2747 525 2816 alterne,
544 2747 670 2803 ubitam
690 2750 773 2803 tenue
793 2763 826 2803 ac
845 2748 947 2803 subtile
971 2750 1016 2803 est
1037 2747 1187 2803 discrimen
1205 2748 1283 2803 utin
1302 2749 1460 2805 differentia

313 2827 443 2884 lectionis
461 2828 562 2884 dubius
580 2828 710 2897 haereas3
729 2827 778 2884 sed
796 2829 850 2883 hoc
868 2829 976 2883 eertum
995 2830 1051 2897 est,
1074 2827 1245 2898 ubicumque
1264 2830 1383 2885 arcemn
1399 2832 1459 2897 ran,

313 2925 370 2963 non
396 2909 500 2965 habere
527 2909 621 2964 locum
647 2909 702 2964 nisi
729 2909 898 2979 particulam
926 2907 1124 2963 disiunctiuam
1151 2907 1198 2977 (ci.
1226 2925 1267 2963 ex.
1296 2927 1337 2979 gr.
1366 2910 1459 2966 Taciti

314 2988 405 3045 Germ.
427 2995 443 3044 6
461 2990 513 3044 uia
531 2990 583 3044 uni
600 2990 727 3058 alteriue,
748 2988 832 3045 Plinii
851 2988 932 3060 epist.
951 2987 976 3041 V
995 2993 1038 3056 20,
1058 2993 1074 3042 5
1093 2989 1246 3058 eloquentia
1264 2991 1316 3044 uia
1334 2991 1387 3045 uni
1408 2996 1459 3046 aut

313 3069 394 3125 alteri
412 3071 570 3142 eontinpit);
590 3071 665 3125 certa
679 3087 735 3126 non
748 3068 862 3125 memini
876 3084 921 3123 ma
936 3085 1055 3137 usquam
1069 3067 1163 3139 legere
1176 3070 1229 3124 uia
1244 3087 1317 3125 ennae
1336 3076 1361 3125 et
1378 3073 1457 3141 alter,

314 3149 389 3219 qnod
407 3152 436 3205 et
453 3150 526 3204 ratio
545 3149 608 3220 ipsa
624 3149 740 3218 respuit.
769 3151 861 3205 ortum
880 3150 923 3204 est
940 3148 986 3202 hic
1000 3147 1100 3203 uitium
1117 3166 1151 3204 ex
1169 3165 1202 3205 eo
1222 3149 1297 3218 quod
1314 3152 1459 3220 praecedit

313 3246 400 3284 unum
417 3235 442 3284 el
459 3230 571 3299 uipinte'.
651 3245 657 3256 ¹

385 3315 401 3363 8
416 3307 500 3362 Calai
512 3309 544 3362 in
557 3307 683 3362 minnan
700 3313 749 3362 ant
767 3309 798 3362 in
811 3308 938 3363 Drusum
956 3308 1040 3380 lepit?
1073 3309 1229 3364 necessario
1244 3309 1395 3379 requiritur
1408 3313 1459 3368 ali·

314 3388 395 3458 quid,
419 3387 493 3442 unde
517 3387 600 3443 (ablui
622 3388 751 3458 pendeat.
792 3389 848 3442 iata
871 3392 936 3445 ante
959 3391 991 3446 in
1013 3390 1089 3460 prius
1113 3389 1231 3445 inseruit
1254 3391 1458 3462 Schultingins3

314 3467 414 3522 melius
433 3467 574 3524 Broterius
592 3468 647 3523 huo
669 3467 757 3523 traxit
774 3468 803 3522 id
822 3469 898 3537 quod
920 3469 950 3525 in
969 3471 1110 3540 sequentia
1129 3469 1222 3526 lineae
1240 3469 1353 3526 initium
1371 3489 1459 3542 praue

312 3547 462 3604 traiectum
480 3551 541 3604 erat
557 3551 751 3606 armentionee.

386 3636 418 3684 11
438 3631 560 3685 atenim
574 3631 665 3686 uerbis
678 3635 779 3686 anate
793 3637 818 3686 et
829 3633 978 3702 satanin,
992 3633 1108 3688 amabas
1121 3632 1244 3686 iudicum
1257 3619 1459 3688 aecanmbdata

313 3711 399 3782 uulgo
417 3710 627 3782 interpungunt.
656 3711 729 3766 unde
749 3727 812 3766 cum
830 3713 901 3768 haec
918 3713 1006 3768 uerba
1024 3712 1081 3767 iam
1095 3711 1187 3766 miuus
1205 3712 1358 3782 placerent,
1370 3729 1458 3783 ,asyn-

313 3792 399 3848 deton
416 3807 473 3846 nou
492 3790 551 3844 sine
569 3791 630 3845 iure
649 3792 798 3848 molestum
816 3792 930 3849 sustulit
950 3793 1128 3847 Heumanuue
1147 3793 1309 3849 conicienda
1328 3795 1458 3850 arnibue·

313 3891 364 3944 pue
381 3871 443 3942 (alii
461 3877 486 3926 et
502 3871 642 3940 auribae);
661 3874 863 3942 praetereaque
877 3873 1054 3928 Andresanus
1069 3872 1108 3943 [p.
1125 3874 1190 3945 139]
1210 3873 1368 3944 elegantiae
1386 3875 1459 3930 bene

314 3971 343 4008 se
367 3951 508 4010 consulere
531 3949 645 4020 putauit
666 3951 778 4021 prolata
800 3953 853 4008 hac
877 3952 1036 4009 coniectura
1059 3957 1097 4007 est
1119 3954 1191 4008 enim
1214 3959 1239 4008 et
1261 3971 1288 4009 u.
1308 3970 1331 4009 a.
1356 3958 1381 4009 et
1398 3969 1458 4010 een-

313 4034 419 4100 tentiie,
438 4031 554 4086 annuae
572 4047 629 4100 eqs.
666 4031 762 4089 tantae
781 4032 864 4087 molis
889 4036 961 4088 erati
1000 4031 1130 4086 nimirum
1155 4031 1185 4087 id
1204 4034 1279 4102 quod
1297 4051 1396 4090 uerum
1414 4035 1458 4090 ast

313 4113 418 4168 dudum
437 4113 592 4182 mouerat
610 4110 772 4180 Rhenanus,
791 4113 840 4182 qui
857 4113 998 4168 oentenffle
1012 4127 1076 4166 cum
1094 4113 1135 4167 eis
1153 4130 1224 4182 quae
1245 4116 1376 4169 secuntur
1395 4131 1458 4170 con·

313 4189 406 4247 iunxit
428 4191 541 4246 sublata
562 4190 797 4262 interpunctione.
840 4195 962 4248 ceterum
988 4191 1023 4248 of.
1047 4191 1103 4249 Cio.
1127 4192 1162 4247 de
1186 4209 1226 4247 or.
1249 4193 1261 4246 I
1284 4198 1336 4248 ela
1362 4195 1411 4263 qui
1433 4199 1459 4249 et

313 4273 404 4328 uerbis
422 4271 460 4326 ad
478 4271 647 4328 audiendam
664 4272 796 4328 uetante
809 4279 835 4328 et
846 4272 987 4329 uenientis
1005 4271 1043 4326 ad
1056 4273 1232 4342 mutandum
1250 4275 1458 4330 aeomnmodatie

313 4354 357 4407 uti
370 4351 471 4421 poesia
490 4349 564 4407 idem
582 4351 650 4409 ibid.
669 4351 681 4404 I
700 4355 735 4406 54
753 4350 783 4406 in
801 4353 864 4408 fine.

386 4437 418 4487 1⁷
441 4432 533 4488 eorda
556 4437 646 4487 anan
670 4431 735 4488 illae
761 4433 913 4488 melorum.
955 4431 1057 4487 retinui
1083 4431 1208 4488 familiae
1235 4439 1262 4486 11
1290 4431 1456 4502 scripturam

313 4512 390 4581 illae,
419 4509 527 4566 sufficet
557 4511 604 4568 ‘de
629 4510 731 4580 quibus
757 4510 832 4568 inter
857 4527 954 4570 omncs
981 4513 1116 4581 oonsmt'3
1145 4529 1229 4582 quam
1251 4511 1457 4583 interpretandi
