3270 5168
308 418 352 480 30
822 413 941 470 TACITI

312 579 416 644 dicere
440 579 489 644 fas
513 583 582 645 erat
597 578 683 664 quod
696 582 790 664 turpe
805 579 893 644 dictu
908 601 1011 662 neque
1026 579 1130 643 facere
1146 577 1232 663 quod
1245 576 1458 641 inhonestum

307 687 394 751 factu
409 687 589 770 uideretur3
614 707 650 751 ao
664 707 732 751 non
747 686 855 750 studia
869 686 965 751 modo
981 671 1150 770 curasque,
1174 684 1230 750 sed
1244 683 1453 748 remissiones
1481 702 1524 740 2⁰

308 795 405 857 etiam
436 795 589 878 lususque
619 815 792 876 puerorum
825 794 997 858 sanctitate
1029 792 1167 877 quadam
1195 814 1233 856 ao
1260 789 1456 855 uerecundia

307 902 541 986 temperabant
579 900 625 966 sic
649 888 834 965 Ooineliam
859 900 1076 966 Gracchorum
1083 899 1166 1012 ,·sio
1188 897 1353 962 Aureliam
1377 896 1455 962 an-

308 1009 405 1093 saris,
428 1009 473 1074 sio
497 1006 607 1072 Atiam
621 1004 762 1090 Augusti
785 1010 923 1071 matrem
947 1006 1126 1091 praefuisse
1150 1004 1393 1069 educationibus
1416 1026 1456 1068 ac

306 1116 495 1198 produxisse
526 1114 687 1199 principes
718 1113 837 1180 liberos
870 1115 1059 1197 accepimus.
1104 1133 1184 1197 quae
1215 1110 1387 1195 disciplina
1416 1132 1455 1178 ac

309 1223 463 1287 seueritas
493 1243 531 1286 eo
559 1222 755 1306 pertinebat,
782 1225 820 1286 ut
847 1215 971 1287 sincera
1001 1225 1033 1285 et
1060 1221 1187 1306 integra
1211 1222 1243 1282 et
1266 1217 1326 1299 [in]
1351 1218 1452 1283 nullis
1469 1236 1509 1276 25

308 1329 524 1415 prauitatibus
553 1327 680 1393 detorta
707 1329 802 1394 unius
830 1329 983 1412 cuiusque
1012 1331 1130 1392 natura
1152 1330 1223 1410 toto
1248 1326 1359 1392 statim
1382 1347 1453 1410 pec-

307 1440 376 1501 tore
401 1436 557 1520 arriperet
580 1438 660 1501 artis
684 1435 838 1501 honestas
863 1438 909 1520 et,
941 1435 1009 1500 siue
1033 1433 1072 1498 ad
1095 1456 1164 1499 rem
1187 1433 1360 1498 militarem
1385 1433 1453 1497 siue

308 1543 347 1608 ad
369 1545 447 1608 iuris
471 1543 637 1610 scientiam
662 1544 731 1608 siue
756 1543 796 1608 ad
820 1543 1023 1628 eloquentiae
1043 1541 1184 1606 studium
1199 1541 1397 1623 inclinasset,
1419 1538 1452 1603 id

258 1651 412 1718 absolun
442 1655 565 1736 ageret,
593 1652 626 1716 id
653 1652 841 1717 uniuersum
864 1650 1016 1714 hauriret.
1054 1651 1088 1713 at
1115 1670 1201 1713 nunc
1223 1650 1320 1712 natus
1343 1646 1451 1711 infans

310 1757 478 1842 delegatur
501 1757 679 1822 Graeculae
704 1759 800 1824 alicui
824 1758 973 1841 ancillae,
1001 1756 1052 1821 cui
1081 1756 1269 1840 adiungitur
1291 1776 1374 1819 unus
1397 1756 1453 1816 aut

309 1866 391 1928 alter
418 1887 457 1929 ex
485 1865 636 1930 omnibus
665 1866 779 1944 seruis,
806 1865 994 1949 plerumque
1023 1863 1198 1928 uilissimos
1221 1883 1280 1927 nec
1304 1861 1452 1945 cuiquam

309 1971 392 2035 serio
421 1971 598 2037 ministerio
628 1971 897 2037 accommodatus.
940 1971 1056 2036 horum
1084 1969 1202 2035 fabulis
1230 1973 1264 2034 et
1293 1967 1452 2033 erroribus
1475 2027 1477 2036 ,

310 2081 357 2158 [et
379 2079 478 2160 uires]
503 2079 608 2143 teneri
632 2078 742 2144 statim
767 2082 799 2142 et
821 2077 915 2143 rudes
940 2077 1038 2142 animi
1060 2071 1262 2159 imbuuntur,
1283 2097 1342 2140 nec
1366 2073 1450 2159 quis·
1480 2093 1497 2131 ⁵

309 2209 405 2271 quam
428 2187 463 2250 in
485 2189 556 2251 tota
578 2185 674 2251 domo
698 2186 790 2270 pensi
813 2185 927 2269 babet,
951 2184 1027 2270 quid
1051 2206 1160 2250 coram
1177 2184 1302 2249 infante
1322 2181 1451 2247 domino

308 2298 365 2359 aut
387 2294 474 2358 dicat
497 2297 553 2359 aut
575 2293 683 2359 faciat.
721 2293 921 2379 quinetiam
944 2291 1007 2377 ipsi
1031 2295 1183 2377 parentes
1207 2313 1273 2356 non
1295 2289 1452 2374 probitati

307 2424 411 2487 neque
434 2402 610 2467 modestiae
634 2403 787 2486 paruulos
811 2401 1042 2479 assuefaciunt,
1067 2399 1123 2464 red
1145 2398 1298 2463 lasciuiae
1318 2401 1351 2461 et
1369 2397 1452 2461 dica-

308 2509 413 2587 citati,
436 2530 494 2591 per
517 2531 598 2593 quae
617 2509 775 2592 paulatim
794 2507 997 2591 impudentia
1015 2507 1128 2591 irrepit
1144 2508 1176 2570 et
1190 2505 1240 2569 sui
1255 2505 1452 2589 aliorumque

308 2619 522 2699 contemptur.
558 2615 623 2678 iam
647 2637 723 2680 uero
747 2617 879 2698 propria
902 2618 935 2678 et
957 2613 1131 2698 peculiaria
1153 2613 1248 2676 huius
1266 2612 1356 2676 urbis
1371 2611 1452 2675 uitia
1467 2627 1494 2666 10

307 2744 410 2805 paene
434 2722 468 2785 in
488 2725 578 2786 utero
594 2721 707 2785 matris
722 2721 848 2805 concipi
862 2721 943 2785 mihi
957 2721 1120 2805 uidentur,
1141 2719 1340 2784 histrionalis
1359 2719 1453 2782 fauor

308 2833 341 2893 et
372 2829 588 2915 gladiatorum
617 2851 834 2915 equorumque
864 2829 984 2913 studia3
1017 2828 1134 2913 quibus
1161 2830 1191 2893 ai
1218 2830 1392 2911 occupatus
1420 2829 1452 2889 et

308 2937 459 3004 obsessus
487 2939 628 3023 animus,
658 2938 849 3023 quantulum
877 2937 941 3003 loci
968 2936 1061 3003 bonis
1091 2936 1214 3001 artibus
1238 2933 1451 3020 relinquitur?

308 3049 442 3129 quotum
462 3067 620 3130 quemque
634 3045 793 3128 inuenies,
816 3045 870 3128 qui
884 3043 971 3107 domi
990 3043 1161 3127 quicquam
1176 3042 1265 3107 aliud
1278 3041 1451 3127 loquatur?

308 3175 388 3236 quos
418 3152 498 3217 alica
523 3151 837 3220 adolescentulorum
862 3171 1027 3215 sermones
1050 3150 1240 3234 excipimus,
1269 3149 1297 3216 si
1321 3148 1491 3234 quand015

309 3259 468 3324 auditoria
486 3256 702 3321 intrauimus?
725 3277 766 3321 ne
788 3259 1012 3341 praeceptores
1031 3257 1159 3340 quidem
1173 3255 1258 3322 ullas
1273 3255 1451 3320 crebriores

309 3387 380 3430 cum
400 3363 600 3450 auditoribus
620 3364 688 3459 suis
698 3343 829 3428 fabulas
843 3363 980 3446 habent3
1004 3363 1162 3448 colligunt
1176 3364 1262 3428 enim
1277 3363 1451 3447 discipulos

309 3449 570 3542 non.'scueritate
599 3470 790 3555 disciplinae
817 3493 877 3536 nec
899 3470 1022 3555 ingenii
1046 3471 1275 3556 experimento,
1305 3469 1361 3535 sed
1385 3492 1450 3534 am-

256 3579 430 3647 30bitione
454 3577 688 3644 salutationum
711 3581 744 3642 et
765 3577 926 3643 illecebris
950 3576 1155 3642 adulationis.
1191 3581 1322 3643 transeo
1344 3577 1451 3660 prima

308 3687 499 3752 discentium
522 3686 695 3768 elementa,
718 3683 892 3767 inquibus
916 3686 948 3747 et
965 3682 1046 3766 ipsis
1060 3705 1174 3767 parum
1188 3682 1367 3749 laboratur:
1391 3704 1450 3747 nec

274 3856 280 3867 ,
307 3795 342 3859 in
366 3795 551 3860 auctoribus
575 3790 807 3878 cognoscendis
831 3791 946 3855 necin
973 3790 1152 3857 euoluenda
1175 3790 1368 3874 antiquitate
1391 3812 1449 3854 nec
1499 3797 1501 3800 ’

307 3975 519 3984 ...—-..—--.

381 4105 412 4151 19
432 4096 525 4152 dicere
545 4111 574 4155 s:
594 4094 730 4151 discorso
752 4096 762 4165 11
785 4099 819 4147 22
838 4093 1016 4164 temperabat
1035 4098 1067 4160 0,
1086 4093 1192 4146 correcti
1204 4094 1214 4162 11
1228 4098 1261 4148 23
1280 4090 1375 4145 Atiam
1393 4090 1449 4146 Er·

306 4179 421 4233 metius:
437 4177 551 4232 Accium
566 4180 657 4248 01105
675 4176 705 4229 in
723 4176 832 4231 seclusit
845 4175 997 4228 Rhenanus
1009 4175 1019 4243 11
1032 4180 1066 4228 21
1082 4175 1156 4228 artes
1170 4179 1194 4226 11
1210 4177 1214 4243 1
1230 4190 1289 4226 rem
1302 4177 1341 4226 1:
1360 4189 1410 4226 om.
1425 4177 1449 4223 11

378 4257 426 4312 29.
446 4264 462 4311 ὅ
482 4259 511 4311 et
528 4257 602 4311 uires
621 4262 648 4309 Ι
667 4258 696 4310 et
713 4255 817 4310 uirides
831 4262 867 4322 a,
886 4256 985 4310 debuit
1003 4270 1032 4322 ς;
1052 4255 1116 4309 latet
1134 4257 1241 4325 aliquid
1254 4258 1293 4325 117
1312 4272 1368 4309 non
1386 4271 1449 4323 pro-

306 4337 392 4392 bitati
409 4339 520 4407 carpsi:
544 4335 722 4407 improbitati
741 4341 760 4388 0
778 4353 830 4391 nec
847 4333 986 4406 probitati
1005 4337 1074 4404 ς118
1089 4333 1233 4390 dicacitati
1253 4352 1281 4394 ςι
1299 4332 1449 4390 bibaoitati

295 4420 379 4488 ,019
399 4418 572 4486 aliorumque
591 4420 785 4476 chmunuus:
805 4415 945 4485 alienique
965 4417 1011 4484 011
1031 4420 1062 4469 12
1082 4414 1106 4468 si
1125 4416 1224 4469 addidi
1236 4417 1246 4486 11
1266 4421 1297 4468 13
1316 4413 1449 4482 relinqui-

307 4499 353 4550 tur
371 4504 410 4551 1:
430 4498 564 4567 relinquit
581 4495 676 4569 111114
694 4497 820 4552 inuenies
838 4504 877 4551 lt:
896 4492 1037 4550 inuenires
1055 4498 1150 4564 111116
1169 4512 1204 4548 ne
1223 4511 1251 4552 s:
1270 4511 1322 4548 neo
1341 4500 1360 4547 0
