3296 5168
306 418 350 480 50
635 417 924 474 COMMENTARIVS
944 415 1115 474 CRlTlOVS.

305 578 334 632 id
354 579 429 647 quod
447 579 591 648 praecedit
608 579 817 648 disputationis,
835 575 920 632 utsii
938 593 1047 631 sensus:
1067 593 1131 630 nam
1149 577 1182 630 nt
1199 575 1275 632 iusta
1293 575 1450 646 disputatio

306 659 371 724 (non
391 657 480 712 solum
500 659 600 727 sermo)
620 659 705 724 esset,
729 656 825 712 effecit
846 655 876 710 id
899 657 973 726 quod
997 657 1177 712 aduersarum
1196 673 1306 726 quoque
1324 656 1449 727 partium

305 744 499 806 propugnator
517 736 615 791 adfuit.
653 737 777 792 ceterum
795 733 859 788 uide
878 754 944 790 num
962 753 1013 805 pro
1031 738 1170 791 1111111111
1190 737 1284 805 potius
1306 737 1450 791 adrasum

306 816 343 870 sit
360 816 577 871 rescribendum.
605 833 775 884 quamquam
789 815 863 869 enim
882 817 1008 871 diuersae
1022 818 1114 885 portia
1127 817 1280 870 1111011111
1298 818 1328 870 et
1345 816 1450 870 similia

306 896 437 951 «luerunt
463 899 614 966 argenteae
640 895 790 951 latinitatis
821 894 969 963 scriptores
1002 895 1087 963 (quod
1119 894 1217 964 paucis
1248 911 1319 964 quae
1352 894 1450 948 attulit

307 973 441 1044 exeniplis
460 991 516 1030 non
534 973 670 1030 refutauit
687 973 873 1029 Buechelerus
892 992 962 1029 mus.
982 974 1071 1029 Rhen.
1089 975 1194 1030 XXVII
1212 994 1240 1046 p.
1259 977 1336 1044 475),
1354 977 1449 1030 tamen

305 1057 441 1125 suscipere
463 1057 601 1111 1111111111
618 1061 728 1124 pauor
751 1071 784 1109 eo
808 1071 863 1123 quo
887 1054 933 1108 hic
958 1053 1108 1110 adhibetur
1132 1071 1215 1110 sensu
1237 1073 1305 1110 uum
1329 1053 1450 1108 dixerint

308 1134 413 1189 dubito.
453 1137 482 1189 et
500 1153 563 1189 cum
582 1135 638 1189 iam
657 1134 841 1204 praecesserit
854 1135 978 1188 diuersos
995 1150 1094 1190 caurus
1113 1138 1195 1203 (quae
1209 1152 1269 1190 esse
1283 1134 1376 1205 potuit
1390 1151 1448 1188 cor-

307 1215 444 1284 ruptionis
464 1218 556 1284 austi),
581 1232 614 1270 eo
638 1213 727 1284 magis
751 1213 825 1268 clare
843 1215 873 1266 et
894 1214 990 1281 aperte
1009 1214 1151 1284 designari
1170 1214 1269 1270 debuit
1286 1217 1362 1284 Aper
1378 1213 1450 1266 tam-

306 1311 390 1363 quam
410 1293 435 1348 is
454 1295 503 1364 qui
521 1293 731 1350 contradicendi
749 1294 802 1348 sibi
820 1295 915 1362 partes
935 1294 1061 1364 sumpsit.

227 1386 287 1442 Qu
378 1379 394 1428 2
420 1379 559 1443 tamquam
586 1376 618 1428 111
644 1391 673 1430 eo
698 1373 854 1443 trapoediae
881 1378 1040 1442 crparaento
1065 1376 1111 1429 1111
1136 1375 1235 1430 oblitio
1263 1378 1372 1429 1111111111
1397 1372 1450 1426 Ca·

307 1461 394 1510 tonan
413 1455 561 1524 cogitasset.
603 1456 754 1510 secundum
776 1472 859 1508 usum
882 1453 993 1508 serioris
1015 1454 1166 1509 latinitatis
1185 1459 1324 1524 tamquam
1342 1469 1398 1508 non
1416 1469 1452 1506 ex

307 1534 450 1603 scriptoris
469 1537 562 1590 mente
580 1536 708 1606 ponitur,
732 1534 781 1589 sed
800 1551 897 1590 causas
915 1533 1035 1602 indicat,
1059 1533 1159 1605 quibus
1183 1534 1233 1590 alii
1253 1534 1283 1587 in
1300 1532 1450 1587 iudicando

307 1614 453 1670 ducuntur.
495 1632 578 1683 quem
601 1633 682 1669 usum
706 1631 761 1669 non
785 1612 936 1684 respiciens
959 1617 1071 1683 praeter
1093 1613 1287 1670 necessitatem
1311 1611 1450 1683 Sauppins

305 1693 397 1748 uoluit
415 1698 555 1763 tamquam
573 1712 636 1751 11111.
675 1694 804 1765 spectant
826 1695 920 1748 autem
942 1693 1030 1748 uerba
1052 1693 1158 1748 illaad
1183 1694 1213 1748 id
1232 1695 1307 1764 quod
1325 1691 1451 1765 proxime

306 1772 450 1828 antecedit
474 1775 622 1841 diceretur3
647 1776 680 1829 cl.
701 1791 724 1828 c.
744 1781 774 1841 3,
793 1779 810 1826 4
833 1775 938 1828 nihilne
956 1779 982 1829 te
999 1775 1111 1841 fabulae
1128 1776 1311 1844 malignorum
1329 1771 1450 1828 1111111111

306 1853 401 1921 itaque
419 1869 469 1923 per
491 1852 724 1922 rumigeruntium
747 1869 888 1907 sermones
911 1852 941 1906 in
963 1853 1031 1908 urbe
1054 1856 1252 1923 percrebuerat
1273 1854 1362 1921 fama,
1386 1869 1452 1907 mox

307 1932 358 1988 illa
377 1933 411 1987 ad
431 1933 584 1988 amicorum
603 1947 714 2000 quoque
734 1948 813 1986 aures
832 1932 1010 2002 perueniens,
1029 1933 1187 1990 Maternum
1208 1935 1326 1990 recitato
1345 1931 1451 1988 Catone

308 2013 456 2068 offendisse
475 2012 631 2082 potentiam
656 2012 763 2067 animos
788 2012 824 2067 ob
843 2028 956 2067 causam
974 2013 1005 2066 in
1027 2014 1167 2069 lemmatis
1186 2014 1276 2070 nostri
1293 2012 1385 2068 uerbis
1404 2028 1451 2066 ex-

305 2093 435 2162 positam.
472 2094 501 2147 in
521 2092 621 2162 quibus
639 2093 670 2146 ut
689 2095 782 2147 cetera
800 2094 900 2162 aperta
919 2097 994 2147 sune
1001 2092 1043 2146 ita
1062 2111 1110 2148 cur
1127 2094 1270 2148 Maternus
1288 2094 1333 2148 sai
1351 2093 1452 2147 oblitas

306 2173 405 2228 audiat
427 2190 483 2227 non
508 2173 603 2226 claret.
644 2189 708 2226 nam
735 2170 793 2226 siue
818 2171 861 2225 sui
884 2171 1014 2230 oblitum.
1028 2174 1121 2228 animo
1145 2173 1198 2228 tibi
1217 2173 1299 2243 fingis
1319 2189 1383 2228 eum
1401 2169 1451 2239 qni

306 2254 374 2322 quid
393 2253 446 2308 sibi
465 2253 653 2323 dignitatique
672 2269 738 2308 snae
758 2251 860 2306 debeat
877 2268 933 2306 non
952 2251 1066 2321 respicit
1091 2254 1134 2322 (ut
1156 2252 1231 2322 apud
1254 2250 1310 2306 Cic.
1332 2250 1404 2306 Phil.
1424 2251 1450 2303 Il

306 2340 330 2399 o,
353 2339 385 2387 10
405 2336 435 2388 et
453 2333 544 2402 alibi):
569 2334 622 2388 hoe
647 2331 788 2387 obiectum
810 2334 870 2386 tum
889 2332 1001 2386 demum
1022 2333 1116 2386 locum
1134 2331 1267 2399 haberet,
1286 2329 1311 2383 si
1328 2328 1450 2398 acceptis

305 2412 448 2467 beneficiis
462 2412 606 2467 Maternus
624 2410 786 2482 potentibus
801 2412 950 2468 obstrietus
967 2412 1162 2482 obligatosque
1180 2411 1291 2479 bussetr
1309 2409 1367 2466 siue
1386 2426 1449 2464 eum

307 2493 356 2561 qui
370 2492 469 2546 salutis
488 2492 625 2547 inmemor
639 2508 698 2545 rem
713 2491 837 2560 suscepit
854 2492 990 2546 audacem
1004 2493 1089 2560 atque
1107 2492 1304 2561 periculosam:
1324 2488 1451 2544 miranda

305 2571 433 2640 proiecto
453 2574 496 2626 est
514 2571 670 2626 aulicorum
693 2571 727 2625 de
750 2572 851 2640 poetae
869 2587 990 2638 persona
1011 2586 1077 2625 cura
1095 2573 1179 2640 atque
1198 2571 1373 2638 sollicitatio;
1392 2569 1450 2623 siue

306 2650 426 2721 denique
446 2667 508 2705 eum
527 2651 576 2720 qui
595 2668 612 2704 a
630 2650 723 2721 priore
742 2649 867 2704 carmina
884 2649 1026 2718 pangendi
1043 2651 1152 2706 ratione
1174 2652 1328 2707 desciscens
1347 2666 1450 2704 nouam

291 2730 370 2784 ·iniit
388 2730 477 2785 uiam:
496 2749 651 2800 numquam
668 2730 727 2799 ille,
747 2729 882 2798 quantum
902 2727 1015 2796 quidem
1034 2747 1068 2785 ex
1082 2733 1177 2786 nostro
1196 2731 1293 2786 libello
1311 2728 1450 2798 intellegi·

306 2828 381 2878 mus,
406 2810 463 2864 alia
486 2811 617 2866 emiserat
639 2812 771 2881 poemata
793 2825 878 2877 quam
901 2808 1002 2877 quibus
1025 2811 1164 2868 libertatis
1189 2812 1322 2866 existeret
1339 2809 1449 2864 uindex.

287 2891 458 2961 ¹potuerunt
486 2894 580 2946 autem
608 2893 738 2962 potentes
761 2890 821 2946 iure
849 2889 888 2943 sic
911 2889 1111 2947 ratiocinantes
1138 2891 1218 2961 fingi:
1255 2892 1322 2961 ‘quo
1349 2907 1451 2959 purum

306 2973 405 3041 putum
426 2973 560 3026 Catonem
579 2973 633 3028 iste
652 2972 796 3028 exhibuit?
830 2968 898 3039 quid
916 2969 1016 3025 ultimo
1035 2972 1078 3025 illi
1097 2971 1326 3040 atrocissimoque
1345 2968 1450 3024 liberae

305 3051 475 3121 reipublicae
499 3052 636 3110 adsertori
659 3069 721 3107 cum
745 3053 901 3106 nostrorum
929 3050 1088 3119 temporum
1116 3053 1218 3120 pacato
1240 3049 1450 3118 tranquilloque

306 3131 410 3185 statul’
445 3131 540 3199 itaque
555 3133 643 3186 donec
661 3131 691 3185 in
706 3129 899 3200 suspectandis
913 3129 1006 3185 uerbis
1024 3131 1070 3184 sui
1088 3131 1188 3185 oblitas
1206 3147 1251 3184 me
1269 3129 1370 3184 falsum
1389 3143 1450 3182 esse

305 3212 380 3265 iusta
398 3228 493 3265 eorum
508 3210 739 3281 interpretatione
759 3213 832 3278 (non,
852 3211 884 3263 ut
902 3226 990 3278 nuper
1007 3209 1179 3278 factumest,
1197 3210 1290 3265 uerbis
1309 3207 1450 3278 inanibus)

306 3291 493 3359 optinebitur,
511 3290 632 3361 persisto
651 3291 680 3345 in
700 3288 893 3344 emendatione
912 3289 1070 3358 proposita,
1093 3307 1149 3359 qua
1166 3291 1269 3345 saccali
1287 3292 1336 3343 aut
1355 3305 1388 3342 ex
1405 3289 1451 3342 soi

306 3370 387 3440 (scii)
406 3371 557 3426 eruendum
576 3373 625 3425 aut
647 3370 694 3424 uel
712 3372 776 3424 ante
795 3368 841 3423 uel
864 3370 991 3438 posterii
1009 3367 1186 3426 inserendum
1206 3385 1265 3424 esse
1285 3367 1449 3439 significant.

306 3451 335 3503 et
352 3450 426 3503 hanc
449 3451 561 3516 quidem
585 3451 721 3506 rationem
740 3467 813 3504 nunc
831 3450 979 3518 propterea
1002 3450 1136 3519 praetuli,
1158 3450 1233 3520 quod
1250 3466 1402 3520 numquam
1419 3448 1450 3502 in

306 3529 418 3599 dialogo
446 3531 551 3585 nudum
576 3531 680 3586 saeculi
702 3529 869 3586 uocabulum
893 3528 1009 3598 legitur,
1038 3530 1086 3584 sed
1110 3528 1222 3584 additur
1249 3547 1358 3601 semper
1387 3545 1450 3598 pro·

306 3627 407 3665 nomen
430 3610 490 3665 siue
514 3611 764 3666 demonstratiuum
789 3610 848 3663 siue
876 3609 1070 3677 possessiuum.
1112 3614 1142 3665 et
1164 3609 1322 3665 emendatio
1345 3613 1449 3676 nostra,

306 3692 338 3743 ut
356 3692 400 3743 est
418 3687 475 3745 suis
495 3691 691 3746 commendata
708 3687 893 3760 argumentis,
917 3688 960 3744 ita
983 3689 1126 3745 stabilitur
1149 3692 1233 3757 atque
1256 3691 1451 3746 corroboratur

305 3771 395 3824 totius
415 3771 520 3841 dialogi
539 3771 666 3838 respectu
684 3770 790 3825 habito.
822 3786 888 3823 nam
907 3772 936 3824 et
953 3769 1029 3840 Aper
1046 3770 1098 3824 bos
1116 3768 1290 3824 inimicorum
1310 3785 1450 3824 sermones

307 3853 343 3906 ob
363 3853 458 3906 oculos
476 3851 564 3904 habet
582 3867 697 3905 monens
716 3867 739 3905 c.
760 3855 792 3902 10
811 3850 891 3904 uobis
908 3852 977 3904 satis
995 3851 1032 3904 sit
1045 3851 1178 3919 priuatos
1201 3855 1225 3904 et
1243 3851 1332 3904 nostri
1348 3849 1450 3904 saecali

306 3931 506 3986 controuersias
520 3930 592 3984 111111
606 3931 635 3983 et
649 3928 770 3996 Tacitus,
785 3931 817 3983 ut
829 3929 903 3984 infra
917 3929 1161 3999 demonstrabitur,
1180 3929 1337 3984 Maternum
1352 3929 1450 3984 contra

305 4011 370 4065 illos
390 4011 538 4066 defendere
558 4009 634 4064 edito
654 4010 707 4062 hoc
725 4007 822 4065 libello
842 4010 944 4065 studet.
1493 4005 1496 4012 ’

379 4097 394 4146 6
413 4106 479 4159 quoa
497 4106 543 4158 eqo
562 4090 594 4144 ia
612 4089 725 4142 iudiciis
743 4105 799 4142 11111
822 4094 949 4160 atrosque
971 4091 1049 4146 modo
1070 4091 1189 4146 studiose
1207 4091 1359 4144 audiebam.
1401 4089 1448 4143 ab·

307 4171 418 4224 surdam
437 4170 521 4239 plane
541 4168 746 4238 oppositionem
768 4169 874 4238 primus
902 4169 1103 4225 animaduertit
1122 4170 1292 4240 -Schopenus
1319 4168 1449 4236 idemque

306 4248 430 4302 omnium
449 4250 555 4318 optime
574 4248 695 4304 remouit
712 4248 881 4317 traiciend03
901 4267 956 4319 quo
975 4251 1149 4320 corruptelae
1167 4265 1268 4320 genere
1292 4247 1367 4301 haud
1385 4264 1448 4302 raro

306 4329 412 4398 dialogi
440 4331 532 4384 textus
560 4330 602 4384 est
630 4328 768 4385 turbatus.
815 4329 906 4384 minus
934 4329 1004 4384 bene
1032 4330 1157 4385 Ritterus
1181 4336 1307 4398 atrosque
1334 4328 1448 4396 deleuit,

305 4407 491 4477 Nipperdeius
509 4410 615 4464 11011111
633 4410 746 4464 iudiciis
764 4411 841 4466 modo
859 4416 986 4480 atrosque
1003 4410 1145 4481 praetulit.
1509 4399 1515 4412 ’

379 4493 410 4542 1o
431 4493 567 4558 iainquooz
595 4491 722 4546 maiorem
747 4490 949 4545 1111111111111111
972 4492 1074 4545 loboris
1096 4491 1213 4564 gloriam
1235 4491 1388 4544 habiturus.
1425 4487 1448 4544 ei
