3296 5168
343 449 387 513 84
672 444 963 504 COMMENTARIVS
983 443 1155 502 CRITIOVS.

244 611 324 669 128
415 616 431 664 e
463 609 570 666 etiamsi
601 609 669 664 melei
696 613 791 677 parter
822 608 978 677 ossipmotr'e.
1030 624 1079 662 cur
1110 607 1186 661 recte
1214 603 1358 677 cogitandi
1385 603 1498 660 rationi

343 691 484 760 particula
506 690 613 746 etiamsi
635 690 783 759 repugnet,
812 687 904 742 lucide
933 687 1047 756 exponit
1071 687 1244 741 Andresenus
1269 685 1308 758 [p.
1333 685 1410 757 123],
1441 684 1496 754 qui

344 767 492 825 Ritsohelii
516 769 649 840 probauit
672 768 860 823 coniecturam
885 768 931 821 sed
956 774 1045 823 tamem
1070 769 1174 835 dicam,
1198 768 1223 822 si
1247 767 1315 821 mihi
1340 765 1420 835 (mihi
1442 765 1496 820 sed

344 851 465 905 edumei
483 850 551 905 olim
569 849 717 904 uidebatur
736 848 825 903 leuius
845 846 954 916 conici).
991 846 1160 917 simpliciore
1184 847 1308 902 remedio
1326 844 1495 901 iamdudum

344 929 489 985 Acidaliae
508 925 664 983 uindicauit
682 927 781 983 Tacito
800 928 846 983 sed
864 932 972 982 tamtam
989 927 1065 982 mibi.
1106 926 1343 998 simplicissimum
1365 927 1432 996 puto
1451 929 1496 979 set

343 1008 412 1063 iam:
450 1011 566 1079 propter
593 1005 808 1078 praecedentem
836 1024 849 1062 e
876 1005 1001 1062 litteram
1030 1025 1093 1063 cum
1125 1008 1178 1062 hoc
1203 1005 1233 1062 in
1259 1008 1340 1062 etiam
1367 1003 1493 1071 abiisset,

344 1106 427 1159 supra
446 1094 471 1143 et
489 1090 628 1178 corpector
645 1105 673 1155 s;
692 1114 725 1134 =
744 1093 783 1144 set
801 1087 923 1159 scripsit3
943 1088 1015 1142 unde
1039 1087 1123 1142 solito
1143 1086 1317 1156 corruptelae
1339 1101 1494 1156 progressu

344 1168 434 1224 euasit
452 1167 539 1226 lectio
557 1171 715 1224 nostrorum
735 1168 869 1224 codicum.

416 1281 507 1332 eaor
525 1276 622 1345 r'rropr'o
641 1275 793 1344 bominem,
816 1276 863 1330 secl
890 1275 996 1331 desidio
1022 1291 1080 1344 eqs.
1125 1272 1242 1329 ridicule
1265 1274 1337 1329 hanc
1365 1268 1494 1341 inopiam

345 1356 491 1412 hominum
510 1355 654 1426 accipiunt
665 1354 777 1426 ingenii
796 1353 934 1425 inopiam,
954 1371 1010 1424 qua
1027 1351 1154 1410 homines
1173 1353 1316 1420 laborant,
1340 1367 1430 1419 neque
1449 1349 1494 1403 ita

344 1436 474 1505 usurpari
496 1433 609 1506 inopiae
632 1435 800 1492 uocabulum
820 1434 995 1490 stabilientes
1014 1431 1148 1504 exemplis
1167 1433 1242 1503 (nam
1257 1433 1376 1487 locorum
1394 1428 1495 1497 r'mopia

344 1514 521 1571 Velleiauum
549 1517 695 1572 accersunt
721 1509 870 1584 inutiliter)
894 1516 923 1570 et
946 1511 1142 1569 obliuiscentes
1168 1513 1221 1566 hoc
1244 1513 1327 1582 pacto
1351 1510 1495 1566 homimem

344 1597 443 1665 irrepta
461 1597 562 1652 debere
582 1595 646 1652 diei.
683 1596 754 1650 bene
773 1595 861 1666 igitur
879 1614 897 1652 a
915 1593 1062 1657 sententia,
1085 1593 1134 1648 sed
1153 1593 1188 1648 ab
1208 1594 1269 1646 arte
1288 1589 1495 1668 incredibiliter

345 1673 420 1729 Frid.
440 1677 558 1734 Iacobus
581 1677 646 1733 uoci
662 1679 802 1733 homimum
822 1675 968 1732 substituit
986 1675 1165 1744 incertiorem.
1197 1672 1254 1727 alia
1272 1671 1322 1727 alii
1341 1671 1495 1726 commenti

347 1759 425 1823 sunt,
445 1757 631 1812 tolerabiliter
649 1758 747 1826 utique
760 1759 948 1828 proemiorum
966 1754 1170 1810 Helmreichius
1193 1755 1223 1808 et
1242 1758 1391 1821 temporem
1410 1751 1494 1806 Steu-

346 1833 471 1904 dingius,
490 1854 619 1906 peruerse
638 1839 779 1892 rrcmr'rrrrm
796 1837 978 1894 Ribbeolrius.
1009 1837 1115 1890 rectam
1136 1832 1342 1903 oppositionem
1361 1831 1444 1887 simul
1463 1833 1496 1886 et

346 1913 422 1982 quod
441 1930 459 1968 a
480 1914 584 1970 litteris
607 1915 720 1970 traditis
744 1933 828 1985 quam
850 1918 977 1986 proxime
996 1913 1071 1970 absit
1089 1914 1155 1968 dum
1181 1929 1297 1981 quaero,
1320 1928 1377 1967 mom
1394 1912 1495 1981 r'mopr'a

347 1993 480 2048 horrorem
500 1993 571 2048 mihi
589 1995 716 2066 persuasi
734 1995 844 2052 uenisse
859 2015 876 2051 1
890 1997 1000 2066 Τ16116,
1021 1995 1069 2065 qui
1083 1995 1180 2064 quanti
1195 1995 1311 2048 honores
1326 1993 1382 2047 sint
1399 1991 1495 2048 habiti

346 2071 481 2142 temporis
499 2072 575 2129 illius
594 2074 705 2130 disertis
724 2075 882 2146 saepiusin
900 2076 955 2133 hoc
973 2075 1088 2145 dialogo
1108 2074 1241 2129 declarat.

419 2177 453 2226 14
471 2189 528 2226 mom
550 2173 582 2227 im
604 2174 698 2228 cellam
716 2179 819 2242 emptae
841 2175 967 2229 metricis.
1004 2173 1174 2228 Puteolanus
1198 2171 1318 2226 correxit
1336 2172 1417 2240 cella3
1441 2171 1494 2225 sed

346 2250 426 2320 patet
445 2250 523 2323 origo
542 2252 618 2319 11111,
642 2252 666 2306 11
688 2254 756 2309 celici
779 2271 829 2322 pro
849 2253 918 2310 cetto
937 2254 997 2309 siue
1016 2254 1113 2309 6611116
1131 2251 1285 2320 repositum
1304 2250 1340 2304 ab
1358 2250 1493 2305 Henooho

347 2347 495 2403 statuimus
524 2348 606 2419 (miro
631 2368 693 2405 oum
716 2351 777 2405 ueri
804 2350 922 2420 indicio,
950 2352 999 2406 sed
1022 2368 1073 2419 per
1100 2345 1231 2404 errorem
1245 2335 1312 2404 ceMa
1340 2347 1495 2402 Vaticanus

349 2431 434 2498 1518).
464 2460 498 2468 -
526 2431 612 2500 paulo
641 2433 707 2486 ante
736 2431 862 2486 codicum
890 2431 1004 2486 lectioni
1036 2447 1101 2485 mem
1127 2429 1234 2498 pridem
1258 2429 1407 2483 Rhenanus
1435 2430 1495 2484 r'am

343 2511 479 2578 primam,
498 2507 632 2564 Meiserus
652 2515 709 2565 trem
728 2514 835 2581 quidem
854 2512 967 2567 subesse
986 2510 1162 2579 putauerunt.

419 2612 452 2660 16
476 2607 626 2677 stipabatur
652 2613 741 2662 aetem
765 2611 853 2664 moror
876 2609 972 2678 atiquo
995 2612 1065 2662 matu
1084 2608 1252 2677 propinque.
1295 2624 1412 2677 quorum
1430 2623 1493 2662 uer·

347 2686 445 2740 borum
473 2704 536 2740 cum
560 2688 788 2743 antecedentibus
813 2706 933 2744 conexus
957 2706 1020 2743 cum
1043 2688 1134 2742 miuus
1157 2688 1195 2742 sit
1212 2687 1386 2759 perspicuus,
1409 2686 1494 2742 Bern-

346 2769 437 2838 hardy
462 2767 527 2822 ante
551 2767 701 2837 elipebatm
723 2766 842 2825 inseruit
865 2769 951 2824 uerba
973 2768 1100 2839 proxima
1123 2786 1155 2824 oc
1175 2785 1232 2822 more
1250 2770 1345 2824 stadie
1361 2769 1439 2824 modo
1460 2800 1492 2808 -

344 2849 486 2918 principes
506 2847 603 2903 liberos
622 2849 774 2917 occepimus
792 2849 942 2920 (Sauppius
960 2849 1070 2903 tantum
1089 2847 1140 2902 illa
1163 2849 1202 2902 ric
1222 2847 1376 2904 Corneliam
1395 2880 1426 2888 —
1447 2865 1493 2903 oe·

347 2930 485 2998 cepimus).
523 2946 580 3004 161
599 2945 669 2999 opus
690 2931 733 2984 est
750 2931 808 2986 tam
828 2930 916 2986 atroci
935 2927 1066 2984 remedio.
1108 2929 1258 2998 postquam
1281 2927 1350 2983 olim
1369 2930 1494 2983 amatre

346 3009 468 3065 infantes
492 3008 624 3064 educatos
649 3025 708 3064 esse
731 3009 838 3065 dictum
862 3013 918 3080 est,
942 3007 1166 3078 consequebatur
1188 3006 1246 3062 fers
1270 3009 1301 3062 11
1326 3007 1493 3078 adiceretur,

347 3087 433 3142 fuisse
456 3087 506 3143 ubi
529 3087 681 3157 eligeretur
702 3089 860 3160 propinqua
883 3089 980 3159 aliqua
1003 3088 1164 3158 grandaeua
1186 3088 1280 3157 (causa
1303 3105 1354 3159 per
1376 3105 1405 3143 se
1431 3106 1494 3158 per-

348 3168 458 3238 spicua,
478 3165 536 3221 scil.
555 3169 644 3220 matre
664 3165 723 3220 siue
743 3169 853 3224 mortua
873 3167 932 3224 siue
951 3169 1066 3237 aegrota
1085 3167 1144 3220 siue
1164 3183 1339 3236 quacumque
1358 3167 1393 3222 de
1411 3184 1495 3222 causa

348 3263 403 3301 non
423 3249 491 3316 apta
511 3247 546 3300 ad
564 3263 665 3300 munus
685 3250 868 3318 consuetum).
899 3248 1043 3302 uinculum
1063 3248 1158 3301 autem
1177 3247 1329 3317 egregium,
1349 3265 1404 3317 quo
1423 3248 1494 3302 haec

347 3327 434 3380 uerba
453 3344 515 3381 eum
534 3325 674 3395 prioribus
693 3327 874 3398 cohaereant,
896 3327 1013 3398 praebet
1031 3327 1141 3382 Meiseri
1160 3327 1308 3398 correctio,
1332 3328 1377 3383 oui
1396 3327 1493 3383 cedere

288 3442 293 3453 .
348 3406 451 3459 debent
472 3405 658 3474 temptamina
675 3406 824 3463 Ribbeckii
846 3409 995 3478 elipebatar
1017 3408 1111 3463 saitem
1135 3410 1163 3464 et
1185 3409 1255 3464 Rud.
1276 3407 1410 3462 Schoellii
1433 3408 1492 3478 clip.

348 3485 436 3539 etiam.
482 3485 539 3540 iam
562 3487 655 3543 mater
679 3489 708 3542 et
729 3487 887 3559 propinqua
910 3490 1057 3559 copulatae
1085 3490 1236 3559 prohibent
1260 3489 1407 3558 quominus
1432 3505 1494 3558 per-

348 3565 432 3634 gatur
450 3582 541 3621 eoram
559 3585 621 3637 qma.
660 3569 797 3638 aquibus
815 3570 909 3625 uerbis
928 3571 993 3625 ante
1013 3570 1106 3625 omnia
1128 3568 1226 3640 procul
1245 3568 1365 3624 arcenda
1384 3570 1427 3624 est
1443 3568 1495 3622 illa

347 3644 550 3716 interpretandi
568 3650 751 3719 peruersitas,
775 3667 832 3719 qua
855 3650 891 3706 ad
914 3649 1040 3706 subolem
1058 3651 1128 3704 haec
1147 3650 1313 3704 referuntur.
1349 3649 1493 3704 necerim

340 3728 398 3780 aut
417 3728 511 3783 omitti
529 3731 622 3800 potuit
640 3748 657 3786 a
676 3731 845 3802 quibusnam
864 3747 957 3786 coram
977 3732 1073 3787 subole
1095 3729 1136 3784 nil
1161 3729 1238 3784 dictu
1255 3729 1369 3787 factuue
1389 3732 1495 3801 puden-

349 3807 415 3860 dum
429 3809 568 3866 committi
581 3812 625 3866 fas
640 3814 714 3867 esset
728 3811 778 3867 aut
797 3813 885 3866 claret
903 3829 958 3881 quo
972 3811 1032 3866 iure
1047 3809 1201 3864 subiectum
1218 3816 1303 3865 meter
1316 3810 1346 3864 11
1360 3810 1494 3880 proximis

349 3905 382 3942 ac
404 3904 461 3942 mom
484 3890 578 3945 1116116
602 3922 635 3930 -
660 3892 826 3962 temperabat
849 3893 942 3946 mente
970 3890 1133 3961 suppleatur
1157 3890 1239 3960 (unde
1265 3893 1331 3946 ante
1356 3907 1389 3946 ac
1414 3891 1495 3963 signa

348 3967 443 4036 posuit
461 3969 623 4040 Bernhardy
641 3971 772 4039 lacunae,
797 3989 880 4042 quam
904 3971 1051 4026 Michaelis
1074 3976 1161 4026 mater
1183 3989 1248 4027 mero
1272 3989 1329 4042 mom
1347 3972 1494 4028 inserendo

349 4047 460 4118 explet).
498 4049 605 4118 optime
624 4067 691 4106 uero
710 4067 804 4106 coram
823 4053 913 4105 matre
932 4054 981 4108 aut
999 4050 1157 4122 propinqua
1175 4049 1365 4124 seilicet'ipsa
1384 4053 1495 4109 suboles

349 4127 430 4182 dictis
449 4129 568 4183 factisue
590 4129 719 4201 turpibus
738 4131 906 4186 abstinuisse
931 4131 1040 4186 dieitur.
1077 4130 1202 4187 familiae
1226 4149 1291 4202 ergo
1310 4137 1339 4185 1
1357 4133 1495 4203 scriptura

348 4208 414 4277 qaia
440 4208 536 4280 (quam
563 4211 661 4280 utpote
690 4211 825 4267 absonam
853 4212 969 4266 cessisse
996 4212 1026 4266 in
1049 4229 1104 4281 qao
1129 4214 1346 4269 consentaneum
1370 4215 1424 4283 611)
1454 4213 1496 4268 ita

348 4286 484 4344 utendum
507 4306 567 4346 6116
591 4291 761 4346 existumaui
783 4294 815 4347 ut
837 4293 913 4364 6611,-
935 4291 1060 4361 reposito
1083 4292 1176 4347 locum
1200 4293 1296 4348 darem
1315 4293 1344 4348 et
1361 4294 1447 4348 matri
1465 4292 1495 4347 61

347 4367 531 4438 propinquae.
573 4388 657 4441 quam
681 4372 904 4428 emendationem
932 4372 1155 4442 consequebatur
1182 4374 1272 4429 altera
1299 4374 1493 4445 temperabant.

349 4444 432 4502 simul
463 4449 559 4504 autern
585 4467 658 4505 nuno
686 4451 815 4521 apparet,
848 4469 897 4507 cur
922 4451 1076 4522 perrexerit
1108 4453 1226 4522 scriptor
1255 4454 1295 4508 sic
1310 4495 1316 4508 .
1332 4493 1338 4510 .
1354 4497 1360 4510 .
1376 4495 1382 4510 .
1397 4453 1494 4508 Atiam

348 4525 470 4598 11191111
483 4535 597 4586 matrem
606 4531 761 4601 praefuisse
775 4531 994 4602 correctoribus
1010 4531 1060 4586 ubi
1073 4533 1181 4586 tantum
1197 4532 1279 4586 abest
1293 4533 1324 4586 ut
1339 4531 1494 4602 Sauppinm
