3296 5168
349 401 391 466 96
565 455 567 460 .
679 377 968 458 nouusuusurvs
988 399 1162 457 oarrrcvs.

348 560 441 617 uerbis
466 561 519 616 etsi
542 561 632 617 secuti
654 580 749 617 sumus
773 563 944 619 Boetticheri
967 565 996 617 et
1015 562 1113 618 Orellii
1136 561 1309 618 coniecturas
1327 563 1425 632 (maior
1444 563 1494 618 cd·

348 643 491 698 uersarius
510 648 549 696 est
566 647 591 696 et
609 644 713 710 anion,
737 660 850 714 quocum
872 643 965 699 uoluit
987 643 1125 712 litteras,
1147 646 1296 713 postquam
1316 644 1424 712 quicum
1442 660 1495 713 pro

350 723 400 791 qui
416 721 537 792 praeiuit
556 722 696 791 Latinius,
715 725 849 778 aiacrior
862 740 973 793 pnpna,
997 741 1079 793 qnam
1097 724 1151 778 sibi
1168 725 1227 793 ipae
1241 723 1394 792 Meiserus),
1414 723 1495 778 dubi-

349 800 421 857 tatio
444 805 540 858 tamen
563 805 652 859 restat
674 803 704 858 in
727 821 796 858 uoce
819 805 895 874 ipsas
918 805 953 858 ab
977 804 1034 858 illis
1053 804 1083 858 iu
1105 806 1168 874 ipsu
1187 805 1304 860 mutam.
1344 805 1495 872 quactum

348 880 461 938 demum
484 900 595 938 seruare
620 885 677 938 uim
700 884 813 938 insitam
837 901 889 939 nec
912 884 947 938 de
974 884 1062 939 nihilo
1085 884 1181 939 addita
1206 901 1266 939 esse
1284 882 1356 938 mihi
1374 881 1492 950 uidetur,

349 960 372 1015 si
391 961 471 1017 adest
490 980 544 1032 quo
563 963 657 1018 ualide
676 963 838 1032 eloquentia
856 964 1024 1018 aduersariis
1044 963 1100 1020 suis
1119 966 1284 1035 opponatur.
1321 963 1410 1017 malui
1428 979 1493 1033 ergo

348 1041 615 1113 ipsusoiasmnpscrit
639 1060 790 1113 agnoscere
813 1044 843 1098 in
868 1042 1006 1113 scriptura
1028 1046 1283 1114 ipsaadesnmpseiit
1306 1043 1351 1112 (cf.
1372 1059 1395 1098 c.
1414 1048 1432 1096 4
1449 1043 1495 1097 sed

348 1122 439 1190 ipsum
461 1124 566 1194 solnm).
608 1125 692 1179 finem
720 1140 787 1179 uero
816 1124 972 1179 sententiae
1000 1126 1152 1194 utcumque
1181 1124 1311 1194 supplere
1340 1120 1495 1177 studuimus

349 1201 475 1270 (fortasse
494 1204 610 1259 Tacitus
628 1221 683 1259 non
702 1205 840 1260 inmemor
854 1207 915 1260 erat
929 1203 1035 1260 exordii
1050 1204 1167 1261 celebris
1186 1203 1292 1258 librili
1309 1202 1495 1272 Lucretiaui):

348 1285 497 1353 postquam
516 1285 667 1340 Rhenanus
687 1285 772 1362 dultin
791 1286 881 1340 nolint
908 1285 1027 1341 coniecit
1046 1284 1197 1353 inutiliter,
1219 1282 1352 1352 Agricola
1374 1283 1496 1352 primum

350 1363 384 1419 ds
403 1365 504 1421 lacuna
518 1366 645 1436 cogitans
660 1366 746 1420 dubia
761 1367 882 1436 landent,
901 1382 996 1422 secura
1010 1367 1100 1422 nolint
1113 1364 1259 1436 proposuit
1278 1365 1384 1432 (setina
1398 1364 1498 1418 malint

347 1443 518 1515 Acidalins),
544 1447 705 1516 Schopenus
729 1451 761 1501 nt
779 1447 929 1516 ancipitia,
953 1464 1010 1503 non
1027 1463 1124 1502 secura
1142 1446 1243 1512 uelint,
1263 1442 1391 1499 Halmius
1409 1448 1442 1496 ut
1458 1459 1496 1497 se-

347 1542 416 1580 cnra
444 1527 569 1592 landent,
597 1527 685 1582 dnbio
711 1527 812 1592 uelint,
840 1525 966 1582 Ritterus
988 1533 1021 1582 nt
1048 1528 1113 1582 alin
1135 1525 1235 1593 dubio,
1262 1517 1316 1578 sibi
1342 1529 1374 1578 nt
1400 1539 1497 1577 secura

347 1607 435 1661 uelint
453 1609 561 1675 (secura
579 1607 646 1673 sibi,
671 1607 736 1660 aliis
760 1607 867 1660 lubrica
890 1606 919 1662 P.
939 1606 1080 1677 Vossius),
1103 1605 1154 1660 alii
1177 1606 1234 1660 alia
1252 1603 1403 1660 commenti
1422 1605 1495 1658 sunt.

249 1700 271 1737 c.
291 1682 329 1736 38
421 1692 568 1742 ltrnnceo
592 1688 630 1742 cd
651 1688 767 1755 formum
791 1691 815 1741 et
834 1688 1053 1741 consuetudinem
1075 1691 1195 1740 ueterum
1213 1686 1387 1740 iudiciorum.
1427 1699 1497 1754 qnae

349 1768 399 1820 etsi
426 1783 501 1822 nnnc
529 1768 621 1836 aptior
644 1771 682 1820 est
706 1767 748 1822 ita
776 1768 829 1820 erit
855 1768 1033 1836 eloquentiam
1061 1772 1159 1821 tamen.
1206 1767 1350 1835 comparat
1376 1765 1497 1819 Messala

350 1846 459 1914 antiqui
483 1846 580 1915 suique
604 1845 740 1915 temporis
763 1845 882 1914 iudicia,
905 1863 962 1901 non
985 1849 1173 1902 commoratur
1192 1845 1222 1900 in
1241 1844 1430 1900 describendis
1449 1861 1496 1899 uc-

348 1925 468 1994 teribus3
487 1927 645 1980 maculatur
663 1943 746 1995 porro
764 1943 855 1982 uacuo
874 1928 994 1997 quodam
1014 1927 1116 1994 oratio,
1142 1926 1166 1980 si
1184 1929 1311 1981 ueterum
1329 1923 1496 1980 iudiciorum

348 2004 440 2060 forma
469 2007 497 2059 et
524 2006 695 2061 consuetudo
725 2024 797 2066 nunc
825 2006 919 2076 aptior
947 2023 1005 2061 csse
1033 2005 1143 2062 dicitur.
1187 2006 1262 2076 quod
1285 2006 1334 2077 qui
1360 2004 1498 2076 patefecit

350 2086 528 2141 Andresenus
549 2085 587 2155 [p.
608 2086 681 2156 174],
701 2085 725 2138 is
745 2084 959 2154 inprobabiliter
978 2092 1097 2140 ueterum
1116 2102 1131 2140 e
1148 2089 1228 2142 textu
1248 2084 1342 2154 eiecit3
1365 2102 1416 2140 nec
1434 2102 1497 2154 pro-

349 2165 469 2220 babilius
489 2164 641 2220 Mauricius
660 2164 831 2220 Schmidtius
861 2184 916 2236 qua
939 2168 989 2221 etsi
1014 2167 1085 2221 banc
1106 2168 1239 2235 aptiorem
1254 2166 1394 2226 =statueris
1423 2181 1497 2218 com·

350 2247 461 2301 mantus
481 2247 531 2301 est.
570 2245 702 2300 cohaeret
719 2243 766 2299 hic
786 2262 896 2315 quoque
915 2263 971 2300 una
990 2246 1141 2301 difficultas
1160 2263 1224 2301 cum
1243 2247 1344 2316 altera,
1363 2260 1434 2313 quas
1454 2247 1499 2298 est

348 2325 455 2380 inillis
474 2332 512 2381 est
529 2327 571 2380 itn
589 2327 648 2380 erit.
685 2323 759 2379 unde
779 2326 945 2382 extuderunt
964 2333 1002 2382 est
1019 2328 1134 2381 ueritati
1152 2326 1296 2396 Agricola,
1320 2331 1357 2382 est
1380 2331 1410 2380 ct
1429 2329 1498 2380 certe

349 2404 485 2473 Muretus,
510 2406 685 2460 existimatur
708 2404 866 2473 Acidalius,
896 2412 934 2461 est
957 2409 1067 2463 ciuitati
1090 2406 1244 2477 bipontini,
1272 2407 1392 2461 entiterit
1419 2404 1497 2460 Wal-

348 2487 456 2552 therus;
481 2485 552 2541 nihil
576 2503 593 2540 a
616 2485 714 2540 uatiua
733 2483 914 2554 simplicitate
934 2485 1075 2542 scribendi
1093 2486 1184 2556 magis
1199 2485 1310 2556 placore
1325 2504 1413 2555 quam
1432 2485 1497 2540 sim-

347 2567 413 2636 plex
436 2566 509 2620 illud
532 2567 624 2636 aptior
646 2571 696 2635 esi,
720 2566 861 2622 intellexit
884 2568 933 2636 qui
950 2569 992 2624 ita
1010 2569 1061 2623 erit
1087 2569 1193 2623 deleuit
1211 2568 1358 2622 Dronlius.
1396 2567 1497 2636 quibus

349 2646 378 2700 in
402 2645 505 2700 litteris
529 2646 624 2702 uidere
647 2646 718 2700 mihi
741 2645 841 2701 uideor
864 2647 1023 2716 corruptam
1050 2647 1151 2724 nescio,
1165 2663 1222 2716 qua
1251 2647 1357 2702 librarii
1384 2646 1497 2700 inscitia

351 2743 451 2781 casuue
470 2726 578 2782 infelici
596 2744 695 2783 uocem
713 2733 852 2794 ueterum,
866 2728 940 2782 ultro
960 2729 991 2781 ut
1008 2725 1067 2806 iam
1081 2730 1215 2796 appareat
1233 2727 1263 2782 id
1282 2727 1356 2796 qnod
1373 2727 1402 2780 in
1421 2725 1497 2783 linea

350 2807 531 2875 praecedenti
550 2807 656 2879 legitur
681 2813 801 2862 ueterum
820 2825 879 2863 esse
899 2808 1087 2863 correcturum
1107 2825 1192 2876 supra
1210 2808 1251 2862 ita
1265 2808 1317 2862 erit
1330 2806 1496 2876 adpositam.

350 2890 473 2943 nuncet
494 2893 615 2943 ueterum
643 2905 728 2957 quam
755 2889 898 2959 praeclare
922 2888 1094 2944 collocentur
1120 2883 1149 2954 ἐξ
1174 2883 1319 2956 ἐναντίου,
1343 2888 1403 2942 tute
1426 2885 1497 2956 ipse,

349 2967 438 3022 lector
457 2969 554 3037 perite,
574 2967 668 3024 sentis.
691 2999 725 3009 -
744 2968 873 3039 praciuit,
892 2970 925 3024 ut
942 2985 1014 3023 nunc
1033 2968 1125 3035 uideo,
1144 2965 1281 3022 Knautius
1296 2972 1416 3022 ueterum
1430 2970 1497 3021 ante

349 3047 421 3102 illud
438 3048 530 3115 forum
548 3047 695 3118 traiciens,
715 3047 779 3103 uitii
798 3050 893 3104 tamen
912 3049 1018 3120 origine
1037 3066 1093 3104 non
1112 3050 1266 3118 perspecta.

421 3132 439 3180 4
460 3133 486 3181 et
508 3129 617 3184 modum
639 3131 754 3184 dicendo
777 3130 966 3199 antiquisque
988 3130 1117 3184 sumebat.
1161 3127 1214 3183 etsi
1236 3126 1338 3197 reliqui
1363 3127 1393 3182 in
1418 3127 1496 3182 textu

349 3207 501 3262 lectionem
520 3208 677 3276 uulgatum,
697 3209 793 3261 tantm
811 3223 911 3261 uereor
930 3208 1033 3276 nequid
1052 3207 1130 3263 aliud
1147 3207 1195 3262 hic
1213 3207 1313 3276 lateat,
1336 3224 1399 3262 cum
1417 3224 1496 3277 prae·

350 3287 447 3342 sertim
461 3286 531 3340 haec
547 3285 634 3340 uerba
647 3286 732 3356 plane
747 3286 864 3341 eandem
880 3287 1043 3342 contineant
1057 3288 1225 3342 senteutiam
1243 3289 1328 3356 atque
1343 3286 1497 3357 sequentia.

350 3366 439 3420 fuitne
459 3364 527 3418 olim
545 3367 654 3420 snodum
672 3365 725 3432 <in
738 3366 941 3439 testimonium>
955 3367 1068 3422 dicendo
1088 3367 1133 3437 (cf.
1148 3386 1171 3424 c.
1187 3374 1221 3422 39
1240 3384 1313 3437 quae
1332 3368 1366 3423 de
1385 3367 1497 3422 silentio

349 3444 469 3500 testibus
494 3445 627 3515 imposito
646 3445 804 3515 dicuntum?

250 3542 273 3580 c.
293 3523 330 3579 89
422 3530 454 3578 11
476 3527 689 3594 probationibus
710 3533 735 3582 et
762 3528 873 3583 testibus
900 3528 1038 3582 sinniium
1064 3533 1200 3596 patronus
1227 3529 1336 3584 indicit.
1378 3526 1497 3596 Hauptii

348 3605 538 3662 coniecturam
562 3606 615 3662 etsi
644 3625 700 3664 non
729 3609 832 3666 certam
861 3609 956 3663 tamen
982 3607 1156 3678 probabilem
1184 3609 1328 3678 amplexus
1356 3625 1430 3662 sum:
1463 3624 1498 3661 ex

349 3688 504 3742 ceterorum
520 3687 686 3744 coniecturis
700 3689 821 3744 maxime
835 3690 977 3744 mentione
991 3689 1094 3758 dignae
1110 3688 1209 3744 Orellii
1218 3695 1340 3758 praetor,
1354 3686 1496 3743 Weissen-

348 3767 441 3822 bornii
460 3769 650 3837 importunus,
669 3770 776 3823 Halmii
790 3771 934 3838 protinus,
955 3767 1074 3825 Dronkii
1092 3769 1199 3824 indicit.
1217 3773 1366 3836 patronus,
1385 3765 1497 3823 Meiseri

347 3849 462 3916 patroni
480 3849 620 3903 silentium
638 3850 739 3904 indicit
757 3849 868 3918 (melius
887 3851 1005 3918 patroni
1027 3850 1051 3904 is
1073 3849 1116 3904 sil.
1135 3849 1245 3918 indicit)
1268 3847 1496 3919 proponentium

349 3927 475 3981 Ritterus
499 3930 660 3999 corruptam
683 3945 780 3983 rrocem
806 3929 919 3983 deleuit.
943 3957 976 3969 -—
1002 3945 1129 3998 eaquae
1152 3928 1236 3997 paulo
1261 3931 1325 3984 ante
1349 3930 1447 3984 extant
1464 3943 1497 3982 en

348 4009 562 4079 internopatione
584 4011 643 4064 eina
665 4009 855 4076 incipiendum
878 4014 915 4063 est
938 4009 1032 4078 spuria
1057 4009 1144 4063 babet
1165 4010 1342 4064 Andresenus
1362 4008 1402 4080 [p.
1423 4007 1497 4080 176}

423 4095 456 4145 16
475 4107 535 4144 cnm
554 4095 592 4144 tot
607 4091 716 4159 puriter
735 4105 767 4144 ac
785 4093 841 4144 tum
860 4090 972 4157 nobiles,
991 4089 1049 4144 scil.
1070 4090 1202 4146 oratores.
1232 4090 1353 4144 boniines
1367 4088 1498 4157 Orellius,

349 4170 489 4224 auditores
512 4170 689 4225 Andresenus
714 4169 821 4225 addunt
843 4170 909 4239 post
926 4170 1041 4237 nobilem
1065 4169 1135 4224 mihi
1153 4167 1307 4239 aliquando
1325 4169 1355 4222 in
1373 4171 1496 4223 mentem

349 4248 429 4303 uenit
448 4250 572 4303 uetanti
589 4249 700 4304 nobiles.

422 4332 457 4382 nt
476 4329 608 4384 eiicsmodi
622 4329 688 4384 iibri
702 4333 805 4396 entant,
823 4334 855 4383 nt
873 4330 929 4400 ipsi
946 4345 1050 4401 qnoque
1067 4329 1116 4398 qni
1129 4333 1241 4399 eperunt
1254 4344 1310 4383 non
1326 4329 1392 4384 aliis
1409 4327 1497 4397 mnpis

349 4409 523 4465 orationibus
545 4414 712 4465 censeantur.
755 4408 895 4466 orationes
919 4427 936 4465 a
958 4408 1100 4464 ueteribus
1125 4409 1175 4463 sub
1194 4409 1245 4464 tali
1265 4409 1428 4464 condicione
1446 4407 1497 4463 ha-

349 4489 426 4546 bitae
448 4489 481 4546 ut
503 4492 584 4547 eraut
605 4488 693 4544 animi
715 4489 885 4560 spiritusque
908 4491 1020 4561 plenae,
1044 4488 1086 4545 ita
1108 4489 1229 4560 scriptae
1249 4505 1372 4560 quoque,
1398 4489 1497 4558 quales
