3296 5168
339 405 382 469 52
670 407 958 464 COMMENTARIVS
978 407 1150 465 CRITICVS.

335 565 407 634 l‘ich
426 584 479 622 von
498 567 603 622 meiner
621 567 697 625 Seite
716 568 805 624 deuke
819 568 867 624 bei
879 569 969 639 mir’):
989 569 1140 640 opponitur
1154 568 1229 625 enim
1246 569 1349 624 altera
1368 586 1498 639 persona.

335 663 405 714 quae
424 646 472 700 nbi
490 663 546 702 non
570 650 732 719 opponitur,
757 666 866 720 semper
889 650 982 706 dixere
1006 654 1067 719 (uec
1093 650 1176 705 aliter
1197 651 1378 720 potuerunt)
1404 649 1446 704 sic
1469 651 1499 704 ut

336 725 529 792 Quintilianus
544 729 581 783 ab
600 729 698 784 Hessio
718 728 829 784 adlatus
850 730 901 800 [XI
920 737 949 799 3,
969 730 997 802 2]
1017 747 1086 799 qaae
1104 732 1181 785 iutro
1198 735 1312 786 uosmet
1332 732 1413 800 ipsos
1432 746 1499 786 com·

329 822 480 875 poscemus.

407 893 439 942 16
464 904 541 942 omae
568 893 671 957 tempas
697 889 776 943 modo
801 890 875 945 circa
900 891 1028 945 Medeam
1055 905 1112 946 ecce
1138 907 1212 946 amec
1235 891 1324 946 circo
1356 889 1498 960 Thyestem

334 985 477 1023 coasamoe
491 1009 589 1024 .....
604 970 711 1023 etiamsi
728 985 785 1022 ooo
802 985 905 1026 aarum
924 971 976 1024 libi
993 971 1051 1039 ipae
1068 972 1205 1040 repetiero
1223 971 1425 1040 importuosas,
1443 969 1498 1024 Do·

333 1050 442 1103 mitiora
460 1054 484 1104 ct
505 1049 632 1104 Colorem
647 1092 652 1104 .
669 1093 675 1104 .
692 1091 698 1102 .
716 1092 722 1105 .
737 1050 934 1106 Graeculorum
952 1051 1057 1118 fabalis
1075 1066 1245 1121 oppreporce.
1294 1050 1411 1105 habeut
1429 1049 1497 1103 haec

335 1129 420 1182 uerba
438 1130 512 1196 quod
531 1129 620 1198 primo
640 1131 740 1198 optutu
759 1129 898 1186 miremur.
936 1129 1047 1184 finierat
1069 1130 1151 1184 modo
1173 1131 1327 1186 Maternus
1349 1130 1496 1194 Catonern,

333 1208 560 1278 iamThyestem
579 1210 740 1266 meditatur.
779 1211 822 1265 est
844 1211 931 1280 igitur
953 1210 983 1264 in
1005 1212 1154 1280 propatulo
1173 1210 1335 1267 artificium
1358 1209 1432 1279 Apri
1450 1224 1496 1262 no-

333 1305 430 1343 uorum
454 1291 599 1345 rhetorum
623 1308 698 1346 more
722 1292 849 1361 argutius
873 1308 958 1361 quam
981 1291 1084 1346 rectius
1110 1290 1261 1359 loquentis.
1310 1290 1398 1361 paria
1423 1288 1508 1341 euim'

334 1369 399 1423 dum
424 1369 580 1441 componit,
604 1371 739 1438 quattuor
761 1371 881 1426 Materni
904 1369 1064 1441 tragoedias
1087 1370 1129 1424 ita
1157 1369 1310 1424 distribuit
1340 1372 1375 1424 nt
1404 1367 1495 1437 priore

333 1452 396 1506 loco
414 1452 525 1506 fabulas
544 1451 724 1521 graecanicae
742 1451 894 1520 faciliores,
918 1450 1071 1522 posteriore
1095 1449 1209 1506 maioris
1229 1449 1398 1506 moliminis
1417 1463 1493 1518 prae-

333 1531 423 1584 textas
445 1529 638 1600 coniungeret,
658 1531 793 1600 temporis
812 1531 937 1587 ordinem
956 1548 1012 1586 uon
1031 1547 1139 1585 curans.
1177 1547 1370 1600 quamquam,
1391 1529 1416 1584 si
1435 1529 1493 1583 arte

333 1609 461 1663 uolumus
489 1627 614 1678 premere
642 1611 729 1666 uerba
746 1610 811 1680 illa,
840 1610 924 1666 facile
956 1609 1160 1681 intellegimus,
1192 1610 1233 1664 ita
1263 1627 1332 1666 sese
1363 1610 1493 1664 dramme

333 1686 427 1755 priora
446 1688 587 1758 excepisse
607 1691 640 1744 ut'
656 1689 779 1760 praeiret
797 1690 950 1757 Domitius,
969 1693 1131 1759 sequeretur
1144 1690 1257 1758 Medea;
1279 1707 1380 1760 neque
1396 1688 1492 1744 dubito

333 1767 463 1835 equidem
482 1769 677 1838 pronuntiare,
700 1769 857 1824 Domitium
875 1769 956 1826 illam
975 1770 1066 1839 ipsam
1084 1749 1392 1838 miserrimarum,
1417 1765 1493 1822 ouius

333 1846 498 1902 recitatione
518 1849 669 1904 secundum
689 1867 712 1904 c.
733 1853 767 1903 11'
784 1849 894 1905 Vatinii
913 1851 1067 1920 potentiam
1092 1849 1207 1917 fregerit
1215 1848 1381 1909 Maternus
1401 1845 1492 1917 (aliter

334 1926 433 1981 statuit
452 1929 483 1983 L.
503 1926 653 1981 Muellerus
672 1927 699 1980 in
719 1928 854 1982 Fleckeis.
870 1946 933 1984 ann.
950 1933 1019 1984 1868
1038 1949 1064 1998 p.
1080 1935 1131 1983 419
1143 1929 1202 1998 sq).
1240 1931 1294 1986 sed
1315 1932 1351 1990 ut
1368 1931 1398 1985 in
1418 1927 1490 1984 uiam

333 2007 458 2074 redeam,
482 2023 629 2075 possumus
653 2006 723 2062 talia
746 2007 864 2063 artificia
887 2007 1046 2079 improbare
1070 2012 1154 2078 atque
1177 2026 1314 2078 respuere
1345 2012 1489 2076 tamquam

333 2105 432 2157 parum
459 2086 580 2142 feliciter
612 2087 772 2157 excogitata
802 2089 911 2155 (eodem
940 2088 1015 2158 quod
1042 2091 1097 2144 hoc
1125 2088 1186 2144 loeo
1216 2089 1342 2144 hebetur
1371 2085 1488 2142 artificio

334 2185 395 2222 cum
416 2167 511 2237 lepida
530 2169 598 2236 puto
623 2168 750 2222 irrisione
773 2167 863 2222 utitur
880 2166 1003 2223 Messala
1027 2187 1050 2225 c.
1070 2175 1117 2236 26,
1136 2174 1170 2222 25
1194 2168 1291 2224 uerbis
1312 2168 1352 2222 ab
1371 2166 1448 2235 Apro
1467 2179 1488 2216 o.

333 2254 366 2300 21
385 2247 503 2316 prolatis
522 2248 718 2318 respondens),
738 2247 787 2300 sed
806 2247 963 2302 cauendum
981 2250 1024 2304 est
1041 2265 1077 2303 ne
1099 2264 1175 2302 more
1198 2247 1345 2317 modoque
1369 2241 1486 2301 Vahleni

333 2329 402 2382 haec
427 2328 525 2397 culpae
553 2329 650 2383 demus
674 2326 781 2397 optimo
806 2326 947 2398 scriptori,
971 2327 1020 2397 qui
1044 2329 1159 2398 egregia
1181 2329 1241 2383 arte
1263 2345 1326 2382 uon
1349 2327 1442 2383 solnm
1459 2323 1486 2376 in

332 2408 414 2462 rebus
438 2408 638 2477 sententiisque
663 2408 711 2462 sed
736 2408 822 2462 etiam
848 2407 876 2461 io
899 2407 993 2462 uerbis
1017 2409 1046 2462 et
1068 2407 1201 2477 loquendi
1228 2424 1339 2478 genere
1362 2404 1485 2462 uiuidum

333 2487 467 2556 expressit
485 2488 636 2556 imaginem
655 2504 750 2542 eorum
770 2489 817 2556 qui
833 2487 1019 2557 disputationi
1033 2488 1232 2556 interfuerunt3
1253 2504 1313 2557 qua
1328 2488 1365 2543 de
1380 2503 1411 2542 re
1424 2483 1486 2554 post

333 2566 404 2622 alios
422 2583 510 2636 nuper
528 2567 660 2622 disseruit
677 2568 815 2623 Knautius
835 2569 873 2638 [p.
895 2568 1021 2639 17sqq.].
1064 2568 1154 2622 multo
1178 2567 1263 2623 etiam
1287 2565 1384 2638 magis
1403 2567 1484 2632 atque

333 2662 440 2700 ueneno
459 2647 550 2701 acrius
569 2647 703 2717 fugienda
726 2649 770 2702 est
788 2646 840 2702 illa
863 2647 975 2715 acrisia,
999 2649 1031 2702 ut
1054 2649 1089 2702 ad
1112 2647 1213 2703 talium
1236 2649 1367 2703 locorum
1390 2641 1483 2700 simili·

332 2725 458 2780 tudinem
485 2726 634 2782 defendere
659 2744 790 2782 conemur
814 2743 887 2796 quae
911 2726 1019 2782 librarii
1037 2726 1066 2780 in
1090 2727 1183 2782 Taciti
1201 2727 1332 2784 oratioue
1351 2738 1482 2796 peccaue-

332 2809 404 2860 runt.
441 2805 531 2861 ueluti
549 2806 624 2862 idem
642 2807 785 2863 Vahleuus
809 2807 856 2861 uel
878 2806 909 2871 in
927 2807 1075 2862 uerborum
1099 2807 1195 2862 nasius
1223 2806 1412 2874 sordibusque
1435 2801 1480 2862 eis,

332 2904 402 2954 quas
432 2886 539 2941 nullum
578 2887 681 2942 bouum
718 2887 882 2958 scriptorem
915 2887 1072 2945 Romanum
1104 2888 1248 2943 admisisse
1286 2888 1397 2942 certum
1433 2881 1480 2943 est,

332 2967 461 3022 Tacitum
480 2966 676 3036 potiusquam
696 2969 801 3024 scribas
820 2966 928 3023 mauolt
945 2968 1072 3025 incusare
1092 2986 1154 3023 cnm
1174 2967 1242 3021 alibi
1265 2968 1329 3021 tum
1348 2967 1404 3020 hoc
1422 2962 1480 3030 ipso

331 3045 401 3101 loco.
440 3046 498 3100 sine
517 3049 695 3104 cunctatione
719 3048 819 3103 admisi
843 3047 964 3103 Acidalii
986 3048 1186 3115 mutationem
1209 3063 1275 3102 uam
1299 3049 1372 3102 haec
1395 3039 1478 3097 dictio

331 3129 385 3182 stol
398 3128 535 3196 repetiero
552 3128 701 3194 importare
715 3130 774 3182 tam
788 3145 888 3196 parum
901 3128 968 3185 ferri
983 3132 1076 3199 potest
1091 3145 1175 3200 quam
1189 3129 1328 3198 orpotlom
1342 3123 1478 3183 ramices

331 3223 382 3260 nec
401 3206 456 3260 huc
478 3206 601 3275 pertinet
625 3205 680 3259 Cio.
705 3206 739 3260 de
758 3206 803 3262 off.
824 3206 849 3259 ΙΙ
870 3211 902 3259 18
923 3208 1015 3276 equid
1037 3210 1198 3278 importator
1218 3207 1298 3262 rabie
1317 3199 1478 3262 incommodi

332 3285 401 3351 (sic),
420 3285 474 3338 hoo
488 3287 540 3350 est,
560 3285 731 3340 extrinsecus
750 3285 892 3341 inferatur.
926 3287 1004 3342 illam
1019 3291 1113 3342 autem
1128 3285 1286 3341 scabritiem
1306 3287 1477 3356 importasse

332 3380 494 3432 approperes
507 3362 640 3419 Pithoeus
656 3363 801 3420 scribendo
821 3381 976 3436 appropera,
995 3366 1164 3422 Niebuhrius
1188 3365 1337 3420 inserendo
1361 3368 1393 3418 at
1414 3360 1476 3416 ante

332 3444 485 3498 Domitiam
508 3443 723 3510 submonebant3
748 3443 817 3498 mihi
840 3444 914 3513 quod
938 3444 1006 3501 olim
1029 3446 1118 3501 leuius
1146 3449 1188 3500 est
1211 3444 1302 3500 uisum
1327 3451 1475 3516 opprepane

332 3541 405 3578 nunc
419 3523 607 3579 animaduerti
620 3525 677 3579 iem
694 3525 729 3579 ab
746 3524 850 3580 Orellio
865 3524 894 3578 in
909 3525 1031 3581 editione
1050 3544 1074 3582 a.
1092 3531 1159 3582 1880
1175 3524 1265 3580 obiter
1284 3542 1344 3580 esse
1363 3523 1473 3578 iactum.

255 3611 315 3665 c.4
405 3611 420 3660 9
448 3605 611 3660 sanctiorem
637 3606 715 3660 illam
744 3611 769 3660 et
799 3605 983 3673 copara'orcm
1012 3606 1190 3675 eloquentiam
1221 3605 1316 3660 colom.
1367 3600 1473 3673 praeter

331 3685 528 3740 necessitatem
548 3688 577 3740 et
594 3685 789 3755 respuentibus
802 3685 916 3740 auribus
930 3702 1018 3754 nuper
1033 3685 1175 3740 Vahlenus
1194 3685 1373 3754 eloquentiam
1391 3679 1472 3735 colam

330 3765 423 3820 eclam.
444 3795 475 3805 -
497 3766 540 3819 est
558 3766 653 3820 autem
671 3765 717 3820 hic
735 3765 833 3836 paucis
853 3765 1043 3820 disserendum
1066 3766 1100 3820 de
1123 3765 1259 3834 perpetua
1276 3761 1470 3818 uocabulorum

330 3846 377 3898 c'lle
395 3845 424 3898 et
442 3845 492 3899 iste
514 3861 565 3914 per
588 3845 681 3900 uarias
704 3847 809 3901 formas
833 3845 1002 3902 confusione.
1040 3844 1200 3914 saepissime
1224 3842 1300 3898 enim
1323 3835 1469 3897 familiali

331 3941 416 3993 praue
436 3925 486 3978 iste
510 3925 553 3992 (ut
569 3923 616 3979 hic
634 3926 726 3994 istam)
745 3926 872 3995 praebet,
891 3925 940 3980 ubi
959 3926 1024 3981 huic
1042 3922 1106 3979 uoci
1128 3923 1169 3992 (ut
1187 3926 1252 3994 post
1269 3916 1469 4003 Michaelisinrn

330 4003 457 4073 plerique
486 4008 636 4074 agnouere)
664 4005 757 4059 nullus
786 4007 828 4060 est
854 4006 932 4060 locus
960 4006 1091 4073 recteque
1118 4007 1147 4055 Π
1173 4003 1270 4059 scribit
1292 4005 1338 4060 c'lle
1360 4001 1402 4070 (ut
1424 3995 1466 4048 luc

330 4085 426 4152 illam).
464 4101 535 4152 quae
557 4083 715 4140 differentia
738 4085 903 4155 explicanda
925 4083 996 4140 mihi
1014 4083 1125 4138 uidetur
1146 4083 1211 4152 inde
1231 4083 1307 4153 quod
1325 4075 1466 4137 Henochufl

331 4162 414 4218 solito
444 4164 549 4218 saeculi
574 4163 623 4242 sui¹
641 4164 806 4234 compendio
824 4165 845 4218 i‘
864 4182 914 4235 pro
937 4166 988 4220 illc.
1007 4165 1040 4233 (d
1056 4163 1173 4230 =,r'llo,
1193 4161 1279 4218 etsie
1298 4179 1347 4232 per
1366 4158 1465 4213 cetera

330 4241 446 4312 formas)
466 4246 642 4312 excreuerat3
662 4245 737 4314 quod
752 4245 947 4315 compendium
966 4245 1041 4300 recte
1059 4243 1260 4314 interpretatus
1279 4244 1321 4297 est
1338 4240 1361 4295 is
1379 4231 1424 4304 qui
1440 4229 1464 4282 Ι

321 4321 455 4392 scripsit,
474 4323 544 4378 falso
564 4323 610 4392 qui
630 4328 660 4376 ll.

250 4407 311 4464 cli
401 4408 416 4455 2
440 4403 524 4472 probi
550 4409 575 4457 et
604 4405 716 4460 owdmtr'
742 4406 845 4461 iudices
873 4409 949 4462 recte
973 4410 1012 4475 Ι,
1041 4406 1116 4474 quod
1141 4409 1164 4457 ll
1189 4404 1322 4462 moderati
1349 4396 1461 4456 scabros

331 4481 504 4550 deprauauit.
537 4485 665 4552 probitas
688 4486 717 4538 et
738 4486 868 4540 modestia
893 4485 990 4540 eodem
1015 4502 1096 4540 seusu
1120 4484 1325 4555 coniunguntur
1348 4500 1369 4538 o.
1388 4481 1419 4532 29
1436 4469 1463 4526 ei
