3296 5168
412 449 703 506 COMMENTARIVS
723 448 886 505 celricus
906 449 935 506 O.
957 457 1069 506 13-14.
1266 451 1308 515 67

162 627 230 676 sane
255 608 339 665 aliter
361 610 421 665 fieri
444 610 552 680 nequit)
575 612 612 665 ad
634 627 668 665 ea
693 628 764 679 quae
792 612 918 680 proxime
945 611 1117 681 praecedunt
1143 611 1309 681 referuntur,

160 689 288 758 primum
310 708 361 745 nos
384 691 455 747 latet
478 708 527 746 eur
544 691 614 761 Apn'
631 693 742 746 tantum
761 708 900 759 sermone,
923 708 979 746 non
1001 691 1087 746 etiam
1107 692 1233 747 oratione
1251 692 1310 746 Me·

160 770 237 825 terni
257 788 285 825 se
303 771 481 841 uoluptatem
505 773 652 842 capturum
675 771 761 825 fuis'se
783 771 905 828 affirmet
922 771 1057 840 Messala3
1081 772 1181 828 deinde
1200 772 1311 841 quidet

161 851 251 919 (qnod
269 852 399 906 Halmius
422 852 538 922 delenit)
562 855 591 907 et
615 850 682 920 quid
705 853 763 920 ipse
782 852 867 920 (quod
890 851 965 916 idem
988 853 1018 906 in
1035 855 1085 908 iste
1106 853 1238 922 mutauit)
1257 853 1311 906 sibi

160 931 255 987 uelint
281 932 431 999 nescimus3
461 933 533 988 unde
561 931 667 986 Halmii
694 932 848 1001 suspitione
875 933 966 988 altera
989 934 1110 1003 probata
1132 933 1310 988 Andresenus

161 1013 202 1084 [p.
225 1014 290 1085 141]
315 1015 407 1068 totum
430 1014 484 1068 hoc
507 1014 587 1069 colon
612 1013 652 1067 sic
674 1011 787 1067 retinxit
808 1029 849 1066 me
871 1029 950 1080 uero,
973 1014 1077 1083 iuquit,
1103 1020 1127 1068 et
1152 1029 1237 1069 samo
1261 1014 1311 1067 iste

160 1097 185 1146 et
205 1094 300 1148 oratio
317 1095 431 1162 iutuitu
449 1096 591 1165 uoluptate
609 1092 741 1161 affecisset
759 1091 942 1161 (probabilius
964 1094 1119 1148 reduxisset
1136 1099 1161 1148 et
1179 1094 1268 1148 oratio
1286 1099 1312 1147 et

160 1189 249 1228 sumo
272 1173 341 1242 iste).
385 1190 555 1243 quamquam
579 1174 603 1227 si
630 1189 686 1227 non
715 1174 949 1250 commemoratus
976 1173 1099 1243 praeiret
1123 1175 1198 1244 Apri
1224 1176 1312 1242 uestri

160 1256 390 1310 accuratissimus
408 1269 505 1323 sermo,
524 1252 637 1308 facilem
656 1252 743 1306 uerba
760 1257 785 1306 et
802 1269 887 1307 suum
905 1255 962 1324 ipse
980 1256 1117 1310 haberent
1130 1255 1310 1326 explicatum.

160 1327 299 1405 leguntur
318 1335 393 1389 enim
412 1335 442 1389 in
461 1333 560 1404 cepitis
580 1331 662 1387 initio
680 1334 907 1403 suspicatusque.
923 1378 929 1390 .
945 1379 951 1389 .
966 1336 1089 1390 altiorem
1107 1336 1179 1389 iuter
1197 1351 1240 1390 eos
1257 1350 1312 1388 esse

159 1431 334 1483 sermonem„
347 1414 377 1468 id
400 1416 456 1484 est,
480 1414 709 1484 disputationem.
751 1414 828 1468 recte
855 1414 953 1482 itaqua
979 1416 1079 1484 postea
1103 1415 1235 1469 Messala:
1271 1433 1312 1470 me

159 1512 242 1562 uero,
262 1497 368 1566 iuquit,
386 1500 411 1550 et
429 1511 515 1550 sermo
532 1497 591 1565 ipse
608 1498 653 1565 (=
673 1496 736 1566 ipsa
758 1511 869 1562 quoque
893 1494 1048 1564 disputatio
1072 1497 1176 1563 uestra)
1198 1495 1311 1564 iufiuita

159 1578 307 1646 uoluptate
325 1577 471 1643 affecmset3
490 1593 542 1632 nee
559 1576 652 1632 minus
671 1577 748 1631 recte
766 1576 871 1644 pergit,
890 1573 920 1628 id
938 1575 1030 1644 ipsum
1048 1575 1151 1645 gaudio
1171 1574 1225 1630 sibi
1243 1592 1311 1644 esse,

160 1655 238 1724 quod
259 1656 335 1726 Aper
353 1657 383 1710 et
395 1654 538 1711 Maternus
553 1658 583 1712 et
597 1656 738 1711 Secundus
757 1672 815 1709 non
833 1656 923 1710 solum
941 1655 1063 1725 propriis
1077 1657 1219 1714 oratorum
1231 1671 1311 1710 exer-

161 1735 362 1804 citationibus,
381 1735 430 1790 sed
449 1735 534 1790 etiam
553 1735 709 1791 tractandis
723 1735 934 1803 quaestionibus
951 1735 1037 1790 latius
1051 1736 1213 1805 patentibus
1228 1754 1312 1804 quae·

159 1833 213 1884 que
239 1816 272 1870 in
296 1833 442 1873 commune
465 1817 575 1886 prosint
596 1816 741 1886 indulgere
766 1816 863 1870 uelint.
904 1832 976 1883 qnae
1004 1818 1038 1871 nt
1065 1816 1135 1870 bene
1163 1816 1312 1885 adduntur,

159 1896 201 1950 ita
219 1896 280 1950 iam
299 1895 381 1951 unius
400 1897 518 1952 uoculae
540 1897 599 1966 ipse
621 1895 753 1966 repetitio
776 1897 811 1963 (et
833 1912 918 1951 serrem
940 1899 998 1966 ipse
1017 1898 1045 1952 et
1063 1901 1144 1966 utque
1162 1897 1193 1951 id
1210 1898 1311 1967 ipsum)

160 1977 270 2031 nullam
297 1977 415 2046 praebet
442 1975 603 2032 offensionis
631 1992 736 2031 ansam.
783 1993 836 2030 nec
862 1977 957 2047 inepte
985 1978 1039 2033 hoc
1067 1977 1184 2044 adicias,
1212 1977 1312 2032 melius

160 2057 316 2112 Messalam
343 2057 372 2111 in
400 2057 561 2112 uniuersum
588 2055 727 2126 respicere
754 2059 845 2112 totam
872 2057 1091 2128 disputationem
1123 2075 1206 2126 quam
1234 2075 1312 2112 more

162 2139 377 2194 scolasticorum
395 2137 468 2193 inter
482 2138 550 2207 Apri
565 2135 722 2191 seimonem
739 2139 769 2191 et
782 2138 903 2192 Materni
916 2138 1070 2194 orationem
1089 2138 1118 2192 in
1132 2138 1311 2207 responsione

162 2219 246 2274 breui
269 2218 449 2288 distinguere.
497 2218 566 2274 haee
592 2217 680 2286 igitur
706 2218 780 2271 stare
803 2219 934 2287 possunt,
958 2218 1042 2273 modo
1070 2218 1145 2272 absit
1172 2218 1242 2286 Apri
1266 2234 1310 2272 ae-

160 2300 355 2355 euratissiruus
372 2314 466 2354 sermo.
503 2297 615 2367 iamque
635 2296 727 2352 dicam
750 2296 826 2364 quod
849 2297 947 2352 sentio.
985 2298 1071 2366 plane
1094 2297 1162 2352 licet
1184 2299 1223 2353 sit
1240 2299 1310 2354 haec

159 2379 283 2448 locutio,
301 2381 397 2434 tamen
415 2396 461 2433 me
481 2377 595 2447 quidem
615 2393 724 2445 semper
742 2374 893 2430 mirantem
912 2394 997 2445 quam
1016 2377 1136 2434 maxime
1160 2378 1260 2434 habuit
1277 2396 1312 2434 ea

160 2459 222 2528 ipsa
251 2476 310 2528 res,
336 2459 410 2527 quod
437 2457 572 2513 sermonis
599 2456 736 2511 uocabulo
763 2453 851 2526 longa
879 2457 929 2512 illa
952 2459 1158 2526 uehemensque
1185 2459 1254 2529 Apri
1281 2458 1312 2512 in

161 2539 323 2594 Maternum
342 2537 483 2593 accusatio
502 2536 673 2606 designatur.
705 2538 884 2605 expectamus
896 2538 961 2594 iere
980 2539 1065 2607 (quod
1083 2539 1176 2609 ipsum
1195 2540 1311 2595 suadere

162 2620 253 2689 uelle,
272 2621 346 2674 esset
363 2618 487 2688 inperiti)
506 2617 717 2673 accuratissima
741 2617 828 2684 actio,
851 2618 896 2672 cui
920 2621 1078 2688 opponatur
1101 2621 1228 2676 Materni
1251 2636 1312 2690 pro

162 2700 333 2754 seminibus
347 2700 406 2754 suis
420 2700 493 2754 lactc
502 2704 584 2767 utque
596 2702 691 2768 poetas
704 2696 842 2763 defendi
855 2699 964 2754 decebat
973 2700 1131 2754 audeatior.
1143 2744 1149 2755 .
1160 2744 1166 2756 .
1179 2702 1311 2756 ‚oratic

161 2797 249 2834 unum
277 2779 372 2834 inueni
401 2779 476 2848 quod
505 2779 565 2834 sine
578 2778 692 2851 rubore
722 2778 810 2848 possit
837 2779 1062 2835 commemorari:
1103 2782 1313 2836 aeuuatissima

78 2901 85 2918 .
162 2861 291 2927 esserum
311 2859 421 2914 scilicet
433 2863 510 2929 Aper
523 2858 649 2914 adseruit
666 2856 878 2928 uindicauitque
893 2860 1049 2914 oratoribus
1064 2859 1228 2916 Maternum.
1262 2863 1311 2917 sed

163 2940 314 3009 quominus
334 2942 401 3010 hoc,
420 2941 496 3008 quod
514 2939 584 2994 mihi
604 2938 717 3007 quidem
735 2954 832 2992 uerum
850 2938 973 3006 uidetur,
995 2940 1143 2995 uerborum
1161 2940 1311 2996 insererem

164 3021 315 3091 contextui,
335 3021 446 3076 obstitit
463 3021 538 3090 quod
556 3019 632 3089 apud
655 3034 702 3072 eos
725 3017 774 3084 qui
794 3019 917 3073 aetatem
936 3020 1061 3074 tulenmt
1080 3019 1229 3090 scriptores
1248 3021 1310 3075 sub·

164 3101 318 3156 stantiuum
341 3100 413 3156 illud
437 3119 470 3156 eo
494 3117 577 3170 quem
601 3098 679 3154 uolui
702 3113 784 3151 sensu
811 3100 975 3168 usurpatum
1002 3099 1060 3154 iarn
1083 3116 1139 3154 non
1166 3099 1311 3170 reperitur,

165 3198 232 3238 casu
256 3181 316 3237 sine
340 3181 438 3248 dubim
461 3182 510 3237 sed
533 3181 608 3236 enim
632 3177 708 3234 casui
736 3178 782 3232 hie
806 3180 1056 3251 obtemperandum
1084 3181 1153 3236 erat.
1173 3212 1206 3220 —
1226 3179 1311 3250 paulo

165 3265 231 3332 post
248 3279 300 3332 pro
320 3263 465 3318 audentior
480 3305 485 3316 .
503 3305 509 3316 .
524 3304 532 3317 .
546 3263 635 3317 oratio
654 3258 755 3329 scripsi
772 3261 923 3329 ardentior,
942 3279 1006 3316 eum
1020 3262 1095 3330 quod
1110 3277 1176 3316 uere
1197 3261 1311 3316 ‘auden-

163 3342 231 3397 tius'
252 3341 341 3412 possit
360 3343 453 3397 uocari
468 3359 558 3412 neque
577 3342 607 3396 in
621 3339 768 3396 sententiis
786 3359 875 3410 neque
890 3342 920 3397 in
934 3342 1028 3397 uerbis
1042 3342 1178 3411 praebeat
1191 3342 1312 3398 Materni

164 3421 254 3478 oratio
273 3421 342 3475 licet
368 3421 458 3477 tincta
480 3423 661 3476 colere-uere
684 3420 804 3489 poetico.
843 3423 984 3476 ardentior
1007 3439 1092 3489 qnam
1115 3424 1191 3478 recte
1215 3423 1312 3478 eadem

165 3502 335 3572 appelletur,
354 3501 408 3556 tibi
427 3503 602 3558 demonstrat
621 3502 813 3570 comparatum
838 3500 921 3555 huius
944 3501 1046 3570 capitis
1069 3501 1180 3556 initium
1202 3503 1313 3570 {inierat

167 3583 316 3638 Maternus
334 3584 487 3638 conuictus
509 3588 535 3637 ei
556 3583 632 3636 uelut
654 3582 809 3636 instinctus.
851 3580 997 3650 coniungit
1022 3581 1210 3646 Quintilianus
1230 3581 1268 3652 [X
1288 3589 1312 3651 1,

167 3662 212 3733 90]
237 3661 371 3717 Iseeauus
394 3664 494 3718 ardeus
516 3667 542 3717 et
564 3663 723 3718 coacitatus.
766 3661 873 3731 gaudm
897 3678 942 3715 me
960 3676 1023 3714 eam
1042 3661 1230 3716 coniecturam
1250 3680 1312 3738 pro·

165 3741 246 3796 basse
265 3740 387 3797 Knautio
407 3743 447 3813 [p.
466 3749 502 3798 20
516 3742 579 3813 eq.].

237 3826 270 3875 13
289 3825 315 3874 et
332 3825 481 3890 temporum
503 3826 658 3876 uestrorum
676 3826 803 3877 oratores.
845 3819 990 3876 uerissime
1015 3820 1127 3876 omnino
1147 3819 1313 3875 dubitarunt

166 3900 220 3955 uiri
238 3901 403 3972 prudentes,
423 3920 490 3956 num
509 3902 539 3956 in
553 3900 732 3956 adlocutione
751 3902 864 3971 quidem
883 3907 1003 3957 matures
1016 3918 1100 3956 sensu
1111 3917 1194 3968 quem
1209 3901 1313 3954 uocant

168 3981 332 4050 praegnanti
360 3981 452 4038 dicme
480 3981 572 4036 liceat.
617 3997 669 4035 nec
696 3981 855 4050 germanice
882 3980 965 4036 facile
989 3981 1091 4036 dixeris
1121 3982 1179 4035 ‘Ihr
1201 3980 1313 4034 Redner

167 4077 280 4116 unserer
298 4061 406 4118 Zeiten'
431 4078 483 4131 pro
508 4061 579 4130 ‘Ihr,
603 4061 648 4116 die
667 4061 715 4114 Ihr
737 4061 767 4115 in
785 4077 903 4116 unseren
921 4062 1018 4116 Zeiten
1037 4061 1180 4115 wirkliche
1200 4060 1312 4115 Redner

168 4141 246 4198 seid’.
289 4141 388 4212 scripsi
411 4159 473 4197 cum
498 4141 606 4197 Murato
630 4146 655 4196 et
677 4141 784 4210 optimi;
812 4139 888 4195 idem
916 4143 1013 4210 optimi
1038 4143 1104 4210 post
1127 4146 1247 4197 oratores
1272 4139 1312 4194 in·

167 4222 254 4277 semit
272 4222 427 4292 audatius,
447 4224 513 4277 ante
532 4227 653 4278 oratores
670 4221 799 4278 Halmius
817 4221 917 4275 sumum
930 4221 1031 4292 (possis
1046 4221 1207 4291 excogitare
1226 4219 1312 4276 ctiam

166 4307 286 4357 ueteres
302 4303 419 4369 actites,
438 4303 471 4355 ut
487 4302 591 4356 nobiles
609 4303 675 4358 ante
693 4318 749 4357 uou
768 4300 903 4371 perierit).

237 4381 493 4437 solutissimae·
512 4383 600 4436 uitam
614 4383 804 4452 muspeeseudo.
832 4381 897 4436 uide
911 4380 1112 4452 Nipperdeium
1128 4381 1312 4437 certissimam

168 4461 392 4517 emendationem
424 4479 503 4516 suam
531 4460 666 4529 Africani
693 4460 883 4517 stabilientem
911 4463 1042 4518 accurata
1070 4462 1312 4532 argumentatione

168 4541 362 4609 opusculorum
389 4560 416 4612 p.
441 4547 542 4610 284sq.
569 4573 601 4584 -
626 4543 727 4597 deinde
748 4558 805 4596 non
832 4543 924 4598 minus
952 4543 1059 4596 certum
1087 4543 1312 4612 supplementum

1062 4631 1099 4686 52
