3296 5168
532 1359 776 1428 ADDENDA
803 1361 864 1427 ET
892 1359 1226 1428 OORRIGENDA.
1281 1383 1284 1390 ’

823 1523 929 1534 ...ιι-

381 1645 472 1700 Textu
491 1646 749 1715 commentatioque
766 1645 823 1698 iam
843 1643 927 1700 cartis
941 1645 1073 1700 mandato
1092 1645 1121 1699 in
1135 1661 1234 1699 manus
1247 1646 1357 1699 nostras
1375 1645 1454 1700 uenit

308 1726 529 1782 recentissimum
543 1725 735 1782 rmiuersitatis
749 1725 934 1781 Berolinsnsis
953 1740 1132 1795 programma
1148 1723 1252 1796 [1881]‚
1270 1723 1300 1777 in
1318 1741 1373 1793 quo
1393 1723 1453 1779 dira

309 1808 385 1862 sexto
409 1823 521 1876 quoquo
545 1823 640 1862 menso
664 1805 771 1875 aliquid
794 1806 869 1860 foras
893 1805 994 1860 edendi
1019 1805 1186 1860 necessitate
1210 1808 1323 1860 coactus
1351 1805 1452 1860 iterum

240 1917 241 1922 κ
308 1885 453 1956 dialogum
473 1889 599 1942 nostrum
613 1887 727 1941 uexauit
741 1885 893 1940 Vahlcnus.
922 1885 1017 1954 quiin
1037 1903 1093 1938 una
1107 1884 1351 1940 emendatiuncula
1370 1889 1403 1956 (c.
1418 1891 1452 1940 29

308 1984 364 2021 aaa
382 1968 529 2036 probitate)
552 1966 697 2021 nobiscum
723 1966 898 2021 consentiens
923 1965 1022 2020 ceteris
1045 1964 1115 2019 locis
1143 1964 1285 2033 tractatis,
1313 1968 1345 2021 ut
1372 1966 1452 2036 solet,

308 2047 424 2102 mirifice
439 2047 603 2101 alucinator.
632 2043 699 2116 quid
714 2043 787 2098 enim
807 2042 895 2098 facias
910 2045 936 2100 ei
951 2045 1057 2112 critico,
1076 2045 1125 2114 qui
1139 2045 1310 2116 stribligines
1325 2046 1452 2101 codicum

311 2128 406 2196 quales
426 2130 490 2182 sunt
510 2145 553 2182 ex.
573 2145 614 2195 gr.
634 2143 657 2181 c.
677 2131 710 2180 35
729 2127 871 2180 suasoriae
888 2126 996 2195 quidem
1014 2127 1064 2180 etsi
1081 2131 1219 2196 tamquam
1237 2128 1322 2197 ptaac
1340 2128 1453 2182 leuiores

309 2225 365 2278 eqs.
390 2208 500 2264 nauiter
524 2207 666 2263 defendit?
704 2207 752 2277 qui
772 2206 840 2262 artis
860 2208 902 2261 est
920 2205 1172 2276 palaeographicae
1192 2205 1262 2262 adeo
1281 2207 1394 2276 ignarus
1412 2210 1452 2276 ut,

310 2306 372 2342 cum
392 2305 414 2344 c.
435 2295 469 2342 33
488 2288 626 2343 habeatur
645 2287 675 2342 in
693 2305 749 2343 uno
768 2287 932 2358 apographo
952 2288 1029 2356 loape
1042 2292 1110 2359 pata
1129 2288 1166 2341 ad
1181 2303 1227 2342 eas
1240 2289 1452 2354 exercitationes,
1522 2289 1525 2294 “

306 2369 414 2425 nesciat
441 2388 490 2439 per
518 2371 547 2424 ct
566 2387 623 2439 par
651 2369 749 2424 eodem
776 2368 883 2423 exarari
911 2366 1076 2437 compendio
1108 2367 1221 2436 iamque
1249 2367 1451 2438 ineptissimam

308 2449 444 2504 extundat
462 2451 653 2505 coniecturam
671 2451 748 2520 loapc
765 2454 938 2519 soporantem
957 2446 1026 2517 (ipse
1045 2447 1133 2501 uertit
1152 2446 1230 2501 ‘weit
1243 2447 1453 2518 ueherlegen’)?

309 2530 357 2600 qui
387 2530 504 2586 aliorum
534 2529 695 2585 criticorum
722 2529 807 2598 longe
836 2528 1007 2599 superiorum
1040 2529 1120 2600 (quos
1150 2544 1227 2582 more
1256 2527 1339 2583 solito
1368 2530 1451 2584 homo

307 2608 426 2680 pusillus
449 2611 593 2665 lenissime
614 2609 739 2680 incessit)
765 2609 968 2678 disputationes
993 2625 1048 2662 non
1067 2608 1234 2678 intellegens
1254 2625 1275 2662 c.
1296 2616 1331 2664 30
1350 2610 1453 2664 conicit

306 2691 398 2744 statim
423 2691 588 2744 decursurus
611 2690 727 2754 referam
751 2705 853 2742 accessa
876 2693 914 2741 est
936 2689 1059 2742 animam
1088 2689 1204 2757 (quanto
1227 2689 1326 2743 melius
1349 2707 1367 2744 a
1392 2707 1451 2746 sen-

306 2766 405 2836 tentia,
426 2769 449 2822 si
464 2766 629 2823 decurrendi
643 2769 758 2822 uerbum
778 2770 814 2823 ab
828 2767 907 2823 Italis
921 2768 1112 2823 infelicissime
1127 2768 1318 2838 excogitatum
1332 2770 1451 2825 retinen-

307 2848 373 2902 dum
392 2851 479 2918 esset,
503 2847 640 2903 Knautius
665 2854 703 2903 est
725 2848 846 2903 alicacia
869 2850 1038 2917 decurrerat
1075 2849 1124 2919 qui
1147 2850 1216 2905 adeo
1238 2854 1280 2906 cst
1298 2853 1453 2908 uenustatis

307 2945 404 2999 expers
428 2932 460 2984 ut
485 2947 507 2984 o.
528 2936 543 2984 7
568 2928 640 2983 serio
665 2930 842 2998 proposuerit
865 2930 913 2998 qai
935 2945 991 2984 aaa
1009 2927 1061 3004 <ia
1084 2931 1151 2984 arbe
1173 2931 1251 2985 modo
1270 2934 1317 2986 scd
1341 2935 1373 2987 ia
1391 2936 1453 2989 orba

305 3011 391 3083 suat>
409 3011 543 3078 illustras,
562 3015 587 3064 et
605 3011 636 3064 a'a
651 3010 718 3064 urba
735 3026 792 3064 aaa
805 3010 892 3063 solam
907 3015 973 3078 eqs?
1001 3010 1034 3063 ut
1046 3009 1158 3063 mittam
1173 3010 1292 3064 aliorum
1306 3012 1451 3068 doctorum
1522 3049 1525 3052 -

307 3091 466 3160 conamina,
489 3091 562 3144 unde
587 3107 638 3145 sua
660 3089 747 3160 ipsius
770 3091 906 3159 pendent,
929 3090 1015 3143 istum
1038 3106 1074 3143 ne
1097 3105 1314 3145 commemorare
1338 3093 1451 3160 quidem

307 3171 397 3240 (uelut
420 3186 442 3224 c.
463 3177 496 3225 37
515 3170 561 3225 fin.
587 3186 639 3240 ego
663 3168 768 3223 dudum
792 3169 930 3239 dixeram,
954 3187 970 3224 a
993 3172 1082 3225 securi
1104 3170 1140 3224 ad
1160 3171 1287 3240 pericula
1310 3171 1452 3230 aberrasse

305 3250 469 3320 librarium).
507 3266 563 3303 non
585 3267 670 3303 unum
690 3266 742 3319 ego
766 3251 802 3304 de
820 3250 947 3306 Vahleno
971 3250 1018 3304 hic
1036 3250 1193 3306 iniecisssm
1225 3253 1343 3307 uerbum
1370 3254 1451 3324 (quid

306 3330 381 3386 onim
396 3330 504 3397 dignius
519 3331 562 3384 cst
578 3329 683 3383 talibus
700 3329 859 3384 hominibus
874 3348 957 3401 quam
971 3328 1062 3385 ridere
1080 3331 1178 3386 inania
1197 3349 1292 3387 eorum
1312 3337 1450 3406 coeptat),

304 3409 360 3465 nisi
378 3426 412 3464 ca
430 3408 526 3463 seruili
545 3408 707 3477 deuotione,
726 3428 781 3480 qua
800 3414 866 3466 sunt
884 3411 1018 3466 aduenam
1037 3411 1209 3481 potentiores
1227 3414 1367 3483 plerique,
1386 3433 1463 3470 cum·

306 3488 427 3545 nuncin
446 3488 596 3544 Germania
616 3491 690 3546 certe
710 3490 802 3546 efferri
821 3489 985 3560 laudarique
1005 3491 1119 3562 eiusque
1137 3495 1196 3547 tam
1215 3494 1348 3565 malignis
1368 3513 1451 3568 quam

305 3569 426 3625 indoctis
450 3567 560 3624 iudiciis
589 3570 697 3639 aliquid
720 3570 807 3626 tribui
830 3589 848 3626 a
874 3572 1086 3628 scolasticorum
1107 3574 1189 3629 turba
1209 3576 1356 3630 constaret.
1395 3594 1450 3649 qua

306 3651 340 3706 de
358 3667 388 3704 re
407 3650 478 3706 alias
498 3649 649 3706 disserendi
668 3653 721 3708 erit
739 3653 891 3723 aliquando
910 3653 996 3710 locus.

377 3730 431 3786 Sed
449 3730 542 3786 missis
562 3731 681 3788 inimicis
698 3732 926 3791 Berolinensibus
944 3735 1015 3789 haec
1034 3734 1124 3789 habco
1144 3731 1298 3790 adicienda.

377 3812 409 3866 In
428 3816 564 3884 apparatu
584 3813 682 3868 critico
701 3813 738 3868 ad
757 3831 780 3868 c.
799 3821 847 3885 26,
867 3822 901 3870 30
925 3813 1033 3884 corrige
1059 3813 1100 3867 ‘in
1116 3813 1261 3882 publicum
1281 3818 1310 3870 ct
1327 3817 1358 3871 in
1376 3833 1448 3872 com-

306 3909 388 3947 mune
408 3894 453 3961 0’3
474 3911 497 3949 c.
516 3898 559 3960 40,
581 3899 626 3946 11:
657 3893 789 3948 ‘ueritate
807 3896 932 3950 Naltias:
962 3895 1099 3950 seruitute
1118 3893 1159 3947 0’.

376 3973 409 4027 In
428 3973 630 4029 commentario
649 3975 743 4027 autem
763 3974 859 4030 critico
879 3976 914 4032 ad
933 3993 956 4031 c.
975 3981 1010 4029 26
1029 3972 1205 4028 inserendum
1224 3977 1279 4030 est:

376 4059 410 4108 29
434 4055 565 4108 acraiaam
588 4055 756 4124 sequentiam
779 4055 894 4111 laudare
916 4072 1001 4111 orsas
1024 4057 1062 4108 ast
1084 4054 1141 4108 aisa'
1163 4056 1357 4125 inpublicare
1376 4063 1449 4115 otia

306 4151 450 4189 commane.
493 4151 548 4189 non
571 4136 673 4190 cocunt
695 4136 727 4188 ut
750 4151 904 4206 synonyma
928 4139 959 4191 ia
977 4135 1121 4204 pataream
1144 4135 1201 4206 (cui
1229 4138 1388 4207 oppositum
1407 4142 1449 4195 est

307 4213 463 4284 ‘priuatim’
485 4212 544 4269 siue
565 4215 649 4270 ‘inter
672 4214 714 4269 sui
739 4215 868 4285 similes’)
887 4219 917 4271 ct
936 4218 1123 4271 incommune
1147 4221 1254 4288 (oppos.
1278 4220 1447 4292 ‘singulos’).

306 4315 339 4348 cx
358 4294 577 4365 transpositione
596 4313 613 4350 a
630 4311 675 4349 me
692 4295 824 4350 instituta
842 4299 933 4351 rectus
948 4295 1045 4350 euadit
1064 4314 1173 4352 sensusr
1201 4299 1314 4369 publice
1333 4301 1448 4370 quidem

306 4391 362 4430 non
385 4376 419 4429 de
442 4375 558 4445 singulis
582 4377 628 4444 (ob
652 4392 764 4432 causam
788 4393 852 4431 mox
871 4375 1048 4446 indicatam),
1068 4378 1117 4432 sed
1136 4377 1171 4432 de
1190 4379 1327 4434 uniuersis
1346 4381 1390 4435 est
1407 4381 1447 4437 lo·

307 4457 395 4511 cutus.
432 4456 469 4510 ad
488 4455 640 4510 dictionem
659 4458 690 4511 ia
708 4473 846 4513 commuue
864 4457 898 4511 cl.
919 4471 959 4510 er.
975 4474 1016 4526 gr.
1032 4457 1147 4523 Quintil.
1169 4458 1220 4512 Vll
1241 4465 1264 4527 1,
1280 4465 1323 4516 49.
1356 4477 1447 4530 neque

306 4533 381 4590 enim
400 4534 503 4590 accedo
522 4535 669 4592 Theodoro
687 4536 816 4608 Vogclio‚
837 4535 884 4606 qui
903 4536 1061 4608 nuperrime
1080 4539 1167 4595 uerba
1189 4541 1221 4594 ia
1239 4542 1383 4610 poblicum
1402 4540 1447 4598 de·
1505 4539 1510 4546 “
