3296 5168
301 416 344 482 70
628 409 920 469 COMMENTARIVS
939 409 1113 466 ORITIOVS.

300 577 473 634 correctoris
487 575 597 630 lenibus
621 572 778 644 emplastris
798 569 933 628 detinetis
954 570 1033 626 nullo
1053 570 1170 640 negotio
1193 569 1380 640 reciperemus
1405 586 1453 624 re-

300 656 428 728 ponendo
447 657 514 726 poio
532 657 600 710 hcet
619 654 727 724 lonqins
745 652 816 707 obiit
833 651 868 706 oh
886 650 1027 704 Aeschine.

202 756 224 793 c.
245 738 282 792 1s
373 742 405 790 19
429 752 462 792 oc
486 736 554 790 mihi
578 738 727 790 uersentur
756 736 819 787 ante
848 731 940 786 ocntos
970 731 1064 788 illices
1092 735 1117 786 et
1146 731 1255 787 Nestor.
1298 729 1337 785 sic
1371 732 1452 786 recte
1514 765 1526 778 ·

301 823 340 871 ιι
368 831 458 885 prens
476 812 684 868 adsimilatione
699 829 732 868 oc
744 811 844 866 Nestor
856 817 889 866 u.
917 811 989 867 solet
1003 812 1077 866 enim
1092 811 1205 867 Tacitus
1223 810 1252 866 in
1266 812 1320 868 hoc
1333 811 1452 882 dielogo

301 895 415 952 nomine
432 893 559 964 proprie,
582 890 631 946 ubi
655 890 821 962 simpliciter
843 890 1008 962 iunguntur,
1033 891 1148 963 iungere
1171 909 1221 962 per
1243 897 1269 946 et
1291 893 1334 960 (nt
1351 891 1451 946 stetim

301 977 504 1032 Demosthenem
522 979 547 1028 et
564 973 757 1044 Hyperidem:
784 989 817 1027 ec
835 971 884 1026 ubi
898 972 930 1029 fit
944 973 1073 1043 gredetIo
1088 971 1237 1027 adhibetur
1257 976 1291 1040 (ο.
1312 977 1344 1026 12
1363 988 1410 1027 oc.
1422 1011 1451 1030 ..

301 1059 392 1127 ipsmn
411 1055 576 1125 Apollinem)
596 1054 647 1108 eut
665 1052 701 1108 ob
720 1051 779 1108 stili
797 1053 964 1108 uerietetem
984 1054 1018 1122 (c.
1038 1059 1072 1106 23
1091 1069 1157 1107 nom
1175 1057 1200 1108 et
1218 1057 1257 1119 te,
1277 1053 1450 1108 Messala...

301 1142 326 1191 ct
344 1153 406 1203 nos,
426 1136 555 1190 Materne
573 1150 607 1189 cc
619 1131 759 1202 Secunde).

373 1223 407 1270 22
426 1217 468 1270 ita
491 1220 581 1269 tomen
599 1219 634 1268 nt
656 1214 767 1283 ntriqnc
784 1214 940 1282 ereperstr'lcs
962 1217 1056 1267 essent.
1093 1212 1159 1267 ente
1177 1213 1287 1283 ntriqne
1305 1213 1451 1269 Vshlenus

301 1298 367 1352 hnic
384 1294 514 1363 inseruit,
533 1293 601 1362 quie
621 1293 804 1349 ‘subabsurde
827 1292 1028 1348 Demosthenes
1050 1294 1079 1348 et
1101 1293 1258 1364 Hyperides
1276 1295 1397 1364 ntripne,
1421 1295 1451 1350 h.

303 1395 326 1434 e.
353 1380 383 1432 et
406 1375 538 1445 Philippo
564 1375 593 1428 et
616 1371 775 1429 Alexandro
799 1371 963 1442 superstites
986 1371 1070 1428 fuisse
1093 1372 1235 1443 dicentur,
1263 1392 1382 1444 quorum
1399 1374 1450 1430 ille

303 1455 425 1528 emplius
444 1454 593 1511 duodecim
612 1453 691 1509 ennis
710 1455 775 1509 ente
793 1454 867 1508 hunc
886 1451 1045 1522 occiderit’,
1069 1455 1268 1523 comperetque
1286 1454 1323 1510 sd
1341 1456 1452 1525 ntriqne

284 1537 337 1614 ‘ds
356 1537 465 1592 dnobus
483 1534 589 1591 dictum
608 1551 631 1589 ο.
651 1541 679 1601 2,
699 1541 723 1590 o.

376 1621 410 1670 25
429 1617 500 1685 qnod
521 1615 643 1684 spotinm
666 1615 793 1684 temporis
815 1617 841 1670 si
863 1615 900 1671 od
922 1615 1110 1682 infirmitatem
1133 1630 1277 1684 corporum
1295 1622 1450 1672 nostrornm

304 1697 421 1763 referes,
445 1697 560 1762 sortasse
583 1695 693 1764 lonpnm
715 1695 858 1762 nidcotnr,
886 1698 911 1751 si
934 1697 971 1751 od
998 1700 1128 1750 notnrom
1155 1697 1324 1751 soecnlornm
1351 1714 1384 1752 cc
1409 1713 1451 1753 re-

303 1781 422 1844 spectnm
444 1775 568 1830 immensi
589 1775 673 1830 hnins
696 1776 773 1844 oeni,
794 1791 926 1846 perquam
950 1777 1029 1830 breme
1052 1782 1077 1830 et
1099 1776 1131 1829 in
1150 1778 1277 1845 proximo
1300 1783 1346 1834 est.
1384 1776 1452 1846 quid

229 1855 238 1875 ⁰
304 1855 351 1910 hic
375 1854 487 1925 quidem
510 1855 606 1909 ueleet
630 1855 741 1910 ‘nature
763 1854 964 1923 seeculorum’,
988 1855 1067 1910 letet.
1109 1857 1146 1910 od
1173 1861 1306 1911 nctencm
1331 1858 1453 1914 siderum

305 1952 361 1990 non
375 1933 475 1989 melius
489 1934 636 2001 Usenerus‚
651 1935 690 1988 cd
703 1939 819 2000 tenorem
832 1936 1001 1990 saecolorum
1015 1935 1191 1991 suhuiolsnte
1206 1953 1258 2006 ego
1274 1937 1451 1994 coniecimus.

304 2014 376 2085 legit
397 2014 545 2068 Henochus
568 2019 621 2084 nii
643 2030 693 2083 pro
713 2019 779 2086 hiri,
801 2013 832 2069 id
851 2014 895 2068 est
912 2016 950 2070 od
967 2031 1109 2069 nnmerum
1130 2017 1311 2072 soccnlornm:
1341 2018 1375 2076 ci.
1395 2018 1451 2073 Cic.

306 2097 381 2151 Brut.
404 2099 450 2165 10,
469 2100 503 2149 39
527 2100 558 2149 nt
579 2094 787 2150 Atheniensinm
809 2096 900 2150 saeclo
922 2100 1111 2150 nmnccontnr.
1154 2095 1211 2151 iem
1235 2097 1307 2153 bene
1326 2097 1453 2168 sequitur

305 2178 389 2231 hnins
411 2175 476 2231 oeni
500 2175 640 2231 nonnullis
669 2176 843 2245 suspectum:
878 2175 900 2230 si
925 2191 1055 2231 numeres
1081 2176 1193 2231 saecule
1219 2179 1248 2232 et
1271 2177 1386 2248 respicis
1409 2177 1453 2232 in-

306 2273 433 2312 mensum
461 2256 536 2326 quod
563 2255 605 2310 ite
633 2255 753 2311 efficitur
780 2273 890 2312 esuum.
931 2256 980 2311 sed
1007 2273 1059 2312 neo
1086 2256 1157 2312 illud
1180 2259 1206 2312 si
1228 2260 1330 2326 reseres
1353 2258 1390 2313 od
1411 2273 1452 2312 re·

306 2342 425 2406 spectrum
440 2337 547 2390 saluom
563 2352 630 2405 esse,
650 2335 831 2406 Spengelium
845 2354 901 2392 non
914 2333 996 2408 fugIt,
1015 2336 1065 2406 qui
1082 2336 1248 2407 impeditam
1262 2339 1292 2393 et
1304 2338 1453 2393 molestum

307 2417 463 2472 cretionem
482 2415 576 2472 effecit
593 2421 716 2484 respecto
734 2411 893 2476 emendans.
922 2433 1092 2487 quemquem
1109 2432 1166 2472 uon
1186 2416 1285 2472 debuit
1300 2417 1455 2473 iustissime

307 2498 425 2567 suspitio
454 2497 559 2552 eleueri
588 2489 766 2551 dissimilium
793 2498 1005 2570 comparatione
1034 2495 1133 2566 (ueluti
1161 2496 1184 2551 si
1211 2499 1359 2554 eccsrsunt
1388 2515 1411 2552 c.
1436 2505 1452 2552 3

254 2597 259 2606 ·
306 2583 447 2634 motnrorc
463 2578 576 2645 festino,
599 2593 621 2632 c.
649 2581 680 2630 11
704 2577 814 2647 inprecli
836 2580 997 2650 cnspicotns
1020 2593 1095 2644 snm,
1119 2593 1203 2646 ques,
1227 2577 1249 2632 si
1272 2580 1349 2633 recte
1367 2578 1453 2633 intor-

307 2657 438 2728 preteris,
456 2656 528 2711 nihil
546 2674 609 2711 cum
628 2657 722 2711 nostro
741 2655 803 2712 loco
822 2659 928 2715 hebent
944 2657 1116 2726 commune);
1136 2657 1225 2713 multo
1244 2658 1335 2713 minus
1353 2675 1454 2730 graece

308 2736 436 2807 exemplu
454 2735 500 2791 hic
515 2736 669 2805 quidquem
684 2737 874 2805 comprobent.
906 2736 1042 2792 indicium
1061 2737 1156 2792 eutem
1171 2737 1231 2793 ueri
1249 2737 1374 2800 continet
1390 2756 1453 2793 mu-

307 2819 369 2874 tete
387 2816 521 2872 oretionis
538 2817 629 2871 forme
648 2816 774 2886 (sortasse
793 2819 903 2888 tonpnm
924 2818 1054 2873 nidcctnc
1072 2847 1106 2858 -
1125 2818 1206 2873 breno
1227 2823 1253 2873 et
1274 2819 1307 2872 in
1324 2821 1455 2888 proximo

308 2901 369 2968 est):
396 2897 491 2968 posits
513 2898 578 2967 post
600 2897 731 2952 nictentur
754 2898 885 2968 grauiore
908 2896 1131 2967 interpunctione
1158 2897 1185 2952 si
1210 2897 1240 2952 in
1266 2914 1292 2964 s;
1321 2897 1380 2953 siue
1407 2901 1454 2955 sed

308 2977 422 3047 (millies
446 2979 500 3034 hee
523 2978 641 3033 uoculee
664 2979 851 3048 permutatos)
877 2980 1063 3050 corrigemus,
1091 2979 1123 3032 ut
1149 2978 1187 3034 cd
1212 2969 1332 3034 alterum
1359 2980 1456 3036 ueleet

308 3061 467 3126 secmntnm3
493 3057 547 3112 Cic.
567 3056 645 3112 Brut.
667 3064 712 3126 18,
736 3065 770 3114 49
794 3061 832 3116 od
854 3066 1009 3117 nostrornm
1030 3059 1175 3113 annotinos
1192 3059 1326 3113 rationem
1344 3064 1454 3118 netercs.

380 3144 414 3194 28
442 3144 473 3194 nt
503 3137 595 3193 Cicero
618 3138 649 3191 in
672 3137 821 3196 Hortensio
849 3141 952 3196 scribit.
999 3138 1168 3193 conterende
1197 3138 1310 3194 omnino
1337 3140 1455 3197 Usensri

308 3218 460 3289 disputetio
480 3218 561 3288 [mus.
582 3218 667 3272 Rhen.
687 3215 805 3273 XXVIII
824 3218 968 3289 394sqq.].

380 3303 414 3352 32
433 3297 533 3365 incipit
555 3295 746 3352 Demosthenes
768 3304 876 3355 nester.
893 3343 899 3356 .
916 3315 993 3354 .non
1014 3298 1102 3354 solnm
1125 3300 1214 3356 eodem
1237 3316 1312 3356 enno
1334 3318 1387 3372 qno
1404 3319 1455 3359 nos

308 3379 355 3434 sed
376 3378 454 3445 famo
477 3376 566 3430 eodem
589 3393 676 3432 mense
699 3378 826 3434 extitisse.
863 3378 992 3436 certetim
1014 3379 1080 3435 inde
1102 3379 1139 3434 eb
1162 3379 1265 3436 liessio
1291 3385 1456 3452 comparens

310 3459 431 3513 Sensceo
450 3457 536 3511 uerbe
555 3455 633 3528 [diet.
653 3457 692 3512 111
714 3463 755 3528 10,
774 3459 802 3531 3]
823 3459 920 3515 deinde
942 3459 1043 3515 desinit
1066 3460 1212 3531 emmenum
1221 3455 1306 3529 'posse
1324 3464 1410 3530 ratio,
1431 3465 1456 3518 si

309 3537 381 3592 nihil
395 3541 485 3607 potest
501 3537 560 3592 sine
585 3540 698 3608 effecte,
722 3544 747 3594 et
769 3541 870 3610 incipit
888 3556 945 3610 por
967 3540 1012 3594 illi
1034 3541 1184 3610 nmilispne
1206 3555 1268 3600 esse.
1309 3543 1396 3611 probe
1414 3541 1455 3598 in-

309 3617 415 3688 tellego
428 3612 483 3673 hoc
497 3618 598 3674 desinit
609 3649 641 3659 -
652 3621 760 3691 incipit,
773 3621 897 3676 nondum
910 3619 1046 3690 intellego
1056 3621 1124 3688 quid
1133 3620 1204 3676 lucri
1217 3620 1282 3676 hinc
1291 3621 1321 3676 in
1330 3625 1456 3678 nostrum

309 3698 404 3752 locum
431 3698 575 3755 redundet.
618 3703 647 3756 et
670 3701 788 3757 extitere
813 3702 863 3771 qui
885 3703 1061 3757 remouerent
1083 3701 1195 3770 incipit3
1224 3701 1456 3773 conieceruntqne

311 3779 488 3834 Andreseuus
512 3780 558 3834 illc
580 3781 650 3848 ipsc,
675 3780 803 3836 Helmius
823 3781 948 3854 [incipit]
971 3781 1161 3837 Demosthenes
1178 3781 1303 3851 escen,
1322 3782 1456 3839 Meiserus

310 3861 342 3914 in
360 3864 455 3915 nostro
474 3864 594 3928 tempora
612 3859 712 3914 incidet
731 3862 840 3929 (postes¹
855 3862 1018 3931 nieletnrqne
1036 3877 1099 3916 oum
1113 3860 1287 3916 Perizonieni
1302 3865 1457 3919 correctore

310 3939 454 4007 inserens),
473 3954 526 4006 ego
545 3938 686 4006 quendem
705 3939 816 3996 nidetnr
834 3941 1024 3997 Demosthenes
1041 3940 1164 4009 (nidetnr
1181 3943 1214 3996 ut
1230 3944 1304 3998 esset
1322 3943 1456 4000 correctio

310 4018 387 4074 illius
410 4018 529 4086 incipit).
571 4035 644 4072 nunc
663 4035 734 4088 nego
759 4019 911 4090 quidquem
931 4020 1052 4076 dendum
1072 4037 1131 4076 esse
1155 4021 1279 4077 feniliee
1298 4028 1322 4075 s
1341 4023 1456 4080 lectioni

310 4099 434 4154 nidetnr:
452 4115 517 4152 nem
537 4113 600 4152 oum
618 4103 706 4154 nester
724 4101 797 4156 esset
815 4104 960 4158 exaratum
978 4107 1026 4169 W,
1045 4101 1098 4156 hoe
1117 4119 1194 4160 more
1208 4102 1392 4172 solitopreuo
1406 4103 1458 4160 ille

312 4179 354 4233 est
375 4178 566 4248 interpretem.
604 4179 779 4249 preeplscuit
800 4180 887 4252 igitur
907 4183 1018 4240 iniecti
1041 4181 1192 4238 rescribere
1215 4201 1266 4254 pro
1288 4183 1380 4257 incipi,
1403 4185 1457 4240 hoo

312 4259 354 4312 est
372 4260 548 4313 connincitnr
560 4259 750 4315 Demosthenes
764 4267 851 4318 nester
865 4293 898 4308 -
913 4263 1043 4331 extitisse,
1063 4264 1269 4320 constructione
1283 4264 1381 4320 eedem
1400 4282 1457 4333 que

311 4337 431 4393 hebetur
457 4338 533 4408 apud
561 4337 672 4393 Liuium
700 4343 815 4411 45,10‚
837 4345 870 4397 14
892 4345 1014 4414 qnipro
1037 4343 1133 4400 Perseo
1156 4345 1290 4400 adherens
1317 4345 1457 4402 Romame

312 4417 415 4474 dimisse
441 4419 509 4488 qnid
531 4423 581 4474 ont
602 4419 698 4486 secisse
720 4423 947 4478 connincerentnr
970 4423 1013 4493 (cf.
1037 4422 1207 4494 hesperus,
1233 4426 1305 4494 synt.
1329 4423 1393 4482 hist.
1417 4425 1457 4480 11¹

312 4515 339 4566 p.
359 4501 422 4566 452)
447 4498 475 4552 st
497 4498 634 4554 uocebulo
658 4498 762 4556 forensi
785 4506 850 4574 epte
874 4505 1016 4573 assumpto
1039 4503 1075 4560 sb
1097 4502 1212 4559 homins
1234 4503 1338 4560 lorensi
1361 4505 1407 4575 (ci.
1427 4513 1458 4562 et
