3296 5168
388 443 679 499 COMMENTARIVS
699 442 865 499 ORITICVS
884 443 913 498 0.
934 450 1054 498 10-12.
1251 446 1293 509 63

144 606 253 662 tatione
278 605 376 660 subtili
395 605 493 660 Tacito
516 603 659 659 uindicare
683 603 790 658 studuit
814 620 874 658 eam
897 606 1005 674 quidem
1022 606 1166 674 inperante
1184 606 1294 660 Nerone

143 687 191 753 (cf.
207 684 384 740 Fleckeiseni
399 703 462 740 ann.
476 703 501 740 a.
520 691 587 740 1868
603 704 629 753 p.
645 690 696 739 41⁷
709 686 790 754 sqq).
819 683 900 752 quale
915 684 1040 739 additum
1056 688 1172 755 propter
1186 685 1293 739 Vatinii
1398 709 1400 715 v

143 764 317 820 mentionem
352 766 437 834 plane
474 765 642 834 superfluum
674 780 773 820 uereor
804 781 840 817 ne
866 779 1005 819 nauseam
1035 767 1176 820 moturum
1208 763 1293 820 fuerit

143 844 237 899 Taciti
267 845 418 900 lectoribus
446 843 566 899 Materni
592 843 676 898 initia
698 844 818 898 multum
843 843 984 898 celebrata
1008 862 1065 899 uon
1089 844 1290 914 ignorantibus.

142 925 271 978 nondum
291 924 382 979 abicio
400 923 430 979 id
449 923 524 992 quod
543 923 698 992 antiquitus
716 922 803 978 fuisso
821 923 956 978 traditum
974 924 1057 979 ualde
1076 923 1222 994 probabile
1241 925 1291 978 est.

144 1003 279 1072 ‘inproba
297 1004 326 1058 in
340 1003 479 1059 Neronem
493 1003 631 1072 potentia’
652 1003 755 1058 dicitur
769 1020 803 1058 ea
817 1018 889 1072 quae
902 1003 1018 1057 nimiam
1033 1022 1066 1058 ao
1079 1003 1291 1059 formidolosam

142 1084 172 1136 in
194 1081 343 1137 Gaesarem
361 1083 420 1136 uim
437 1082 568 1137 habuerit
587 1082 632 1152 (of.
652 1082 745 1138 Taciti
767 1101 831 1138 ann.
850 1083 901 1138 XV
920 1085 981 1152 34),
1005 1101 1045 1142 ex.
1060 1086 1128 1138 nota
1145 1083 1223 1138 uocis
1241 1083 1290 1136 tm-

137 1163 248 1230 probas
273 1161 348 1232 apud
376 1165 476 1232 poetas
502 1162 670 1232 praesertim
700 1163 913 1232 significatione.
961 1165 1023 1217 erat
1050 1180 1114 1218 cum
1141 1162 1290 1217 uerborum
1343 1195 1345 1200 -

142 1241 310 1311 displiceret
341 1242 511 1310 conlocatio;
544 1244 593 1298 sed
624 1242 712 1297 totius
744 1243 881 1298 enuntiati
913 1241 1022 1297 ratione
1054 1259 1192 1312 perpensa
1219 1240 1291 1302 nihil

142 1322 268 1391 amplias
287 1321 420 1392 requisiui
443 1323 605 1392 optimeque
628 1321 791 1390 scriptorem
810 1339 844 1377 ea
864 1339 946 1390 quam
965 1323 1089 1377 instituit
1107 1321 1291 1392 dispositione

143 1401 320 1457 consuluisse
338 1400 535 1474 perspicuitati
551 1399 687 1456 intellexi.

219 1487 251 1536 11
271 1483 351 1537 hodie
375 1484 469 1552 siquid
490 1483 522 1536 ia
544 1484 630 1537 actis.
671 1483 746 1552 quod
768 1480 879 1551 Lipsius
905 1482 934 1537 in
957 1481 1038 1550 initio
1063 1481 1173 1537 addidit
1199 1487 1236 1551 et,
1260 1479 1290 1534 id

143 1563 306 1617 continetur
329 1563 391 1632 ipso
416 1562 466 1617 illo
491 1561 594 1618 uitiosa
618 1565 650 1618 ia
674 1564 711 1618 ab
731 1553 862 1618 ¹Acidalio
888 1563 986 1618 eiecto.
1024 1578 1094 1630 quae
1118 1562 1233 1616 uoculae
1258 1561 1292 1614 ut

142 1643 259 1711 saepius
281 1642 354 1697 inter
377 1660 406 1697 se
425 1643 631 1712 permutantur,
654 1643 695 1698 ita
718 1642 764 1697 hio
787 1648 812 1697 et
834 1643 865 1696 in
886 1644 967 1697 textu
988 1645 1123 1697 omissum
1150 1651 1290 1711 supraque

141 1720 249 1774 lineam
268 1721 396 1776 additum
414 1723 484 1778 salse
503 1721 574 1775 falso
594 1722 656 1776 loco
676 1722 812 1778 insertum
831 1724 881 1778 est.
996 1737 999 1748 ·

220 1807 254 1855 13
272 1818 313 1856 me
330 1803 475 1872 daaapere
497 1820 516 1857 a
538 1802 643 1869 sorensi
666 1803 764 1857 labore.
807 1802 950 1870 quaeritur
972 1802 1092 1857 fueritne
1115 1802 1146 1857 in
1164 1817 1290 1857 sermone

141 1879 235 1934 latino
269 1881 439 1952 deiungeudi
470 1883 589 1936 uerbum
621 1898 654 1936 eo
687 1899 771 1950 quem
801 1882 968 1951 requirimus
1002 1899 1085 1937 sensu
1116 1883 1291 1951 usurpatum.

141 1961 284 2016 rationem
303 1962 379 2016 enim
398 1960 423 2014 si
441 1961 597 2031 sequimur,
620 1963 695 2016 recte
718 1963 757 2018 eis
776 1980 848 2032 quae
871 1966 936 2018 sunt
952 1965 1065 2034 iaapere
1083 1966 1112 2018 et
1131 1966 1292 2034 contempero

142 2043 327 2110 opponuntur
344 2042 487 2111 diiaapere
510 2044 539 2096 et
560 2043 707 2112 seiaapere.
748 2043 832 2097 hodie
856 2045 949 2098 autem
974 2044 1003 2097 in
1021 2043 1127 2097 nullius
1147 2041 1290 2111 scriptoris

141 2119 228 2175 latini
252 2124 331 2176 textu
354 2124 466 2192 praeter
488 2123 615 2177 nostrum
643 2123 720 2176 extat
745 2122 816 2177 illud
842 2124 999 2196 dampere:
1029 2123 1064 2178 cf.
1086 2122 1117 2176 in
1139 2121 1292 2176 nouissima

141 2199 290 2270 amplioris
314 2201 396 2259 lexici
419 2202 462 2258 sui
477 2201 609 2257 editione
633 2201 658 2273 [l
681 2220 709 2271 p.
732 2202 812 2272 1878]
833 2201 1013 2270 Georgesius,
1037 2201 1085 2270 qui
1104 2202 1138 2255 de
1157 2200 1291 2256 Varronis

140 2280 208 2335 loco
227 2283 303 2336 recte
323 2280 431 2336 statuit.
459 2297 548 2349 neque
566 2281 621 2334 hoo
639 2281 702 2334 loco
717 2280 829 2334 defuere
849 2281 898 2349 qui
912 2281 1030 2335 mallent
1047 2281 1196 2349 seiaapero,
1216 2280 1290 2348 quod

141 2361 210 2415 inde
229 2377 247 2414 a
263 2360 435 2432 Berneggeri
453 2361 577 2417 editione
591 2361 711 2430 ,longum
729 2376 780 2428 per
798 2360 909 2428 tempus
924 2359 1054 2429 optinuit
1085 2360 1134 2414 sed
1152 2361 1291 2429 seiuapere

142 2442 243 2508 aforo
261 2457 360 2496 uereor
377 2457 412 2494 ue
432 2457 532 2510 parum
555 2439 593 2494 sit
615 2439 747 2504 latinum
772 2439 802 2493 in
826 2439 996 2507 Maternum,
1020 2457 1037 2494 a
1061 2456 1115 2508 quo
1139 2441 1212 2494 teste
1231 2457 1253 2494 c.
1273 2445 1291 2492 4

142 2519 202 2572 iam
227 2520 296 2575 satis
320 2519 457 2590 superque
479 2520 510 2574 in
534 2519 625 2574 causis
648 2519 806 2574 forensibus
830 2520 960 2574 sudatum
983 2521 1040 2590 est,
1068 2518 1149 2573 unice
1171 2519 1291 2586 quadrat

143 2600 296 2669 diiaapero.

218 2685 252 2733 16
280 2697 345 2734 eam
372 2684 475 2735 statam
499 2682 631 2750 caiusque
656 2681 693 2735 aa
717 2681 888 2742 seraitataa
912 2679 1008 2734 mettas
1032 2680 1191 2734 innocentia
1216 2683 1292 2734 taeor

143 2775 224 2828 qaam
245 2761 406 2829 eloquentia.
442 2762 589 2831 proposuit
607 2761 718 2831 Lipsius
741 2760 878 2828 bacasque
896 2775 942 2825 ac;
966 2758 1016 2813 sed
1038 2760 1133 2812 tamen
1155 2760 1292 2827 troasque

144 2837 180 2891 ad
209 2839 320 2908 tempus
349 2841 468 2896 relatum
494 2841 569 2911 apud
596 2840 712 2895 idoneos
741 2838 854 2907 quidem
881 2838 1029 2908 scriptores
1061 2856 1116 2893 non
1144 2838 1290 2908 reperitur.

143 2917 269 2972 Pichena
288 2923 404 2990 accepto
423 2939 456 2976 oo
474 2921 576 2976 maluit
589 2925 693 2986 tactam
712 2935 802 2988 neque
821 2921 916 2973 tamen
931 2919 1145 2990 uniuscuiusque
1160 2919 1212 2984 est,
1231 2935 1291 2972 sese

143 2997 218 3051 tueri
238 2998 406 3066 eloquentia.
449 3017 499 3054 nec
523 3001 572 3053 aut
594 2998 703 3053 felicius
726 2999 763 3052 ab
786 2997 891 3054 Haasio
908 3000 983 3053 tuae
1000 3000 1096 3067 tasqae
1114 3000 1215 3053 aeaut
1234 2996 1291 3051 leni

144 3077 257 3132 medela
279 3096 298 3132 a
320 3097 365 3134 me
388 3081 450 3152 ipso
473 3081 557 3135 haias
578 3081 654 3144 witae
676 3095 709 3133 aa
733 3080 903 3148 temptatum
927 3081 977 3135 est.
1022 3080 1051 3134 et
1073 3079 1225 3133 uidendum
1249 3077 1291 3130 est

144 3176 211 3211 num
230 3158 287 3212 duo
304 3159 376 3215 uitia
398 3162 462 3216 tolli
484 3161 593 3230 possint
615 3177 670 3214 uno
693 3159 826 3216 remedio.
868 3159 1027 3232 excogitaui
1050 3177 1123 3215 nuno
1141 3161 1291 3230 capitisque

143 3240 327 3294 securitatem:
351 3235 493 3297 litterulae
512 3257 549 3310 ap
563 3239 631 3294 olim
646 3237 766 3294 omissae
786 3240 906 3309 deinque
926 3239 1131 3310 suprascriptae
1152 3238 1290 3293 maiorum

145 3317 276 3373 exstitere
296 3335 396 3375 causas
415 3320 566 3377 turbarum.
599 3319 634 3374 de
653 3321 741 3374 status
761 3321 790 3374 et
808 3319 910 3390 eapitis
924 3321 1068 3376 uocabulis
1087 3320 1121 3374 cf.
1137 3320 1291 3374 Guilelmus

144 3397 216 3452 Reiu
242 3398 309 3453 libri
338 3400 398 3456 ‘das
425 3400 603 3455 Privatrecht
628 3418 654 3454 u.
683 3399 709 3452 d.
739 3399 922 3469 Civilproeess
948 3401 997 3454 der
1019 3400 1133 3454 Rtmer'
1162 3398 1290 3468 inscripti

146 3495 171 3546 p.
199 3484 252 3533 118
262 3497 336 3548 sqq.;
366 3481 430 3550 apte
458 3473 552 3535 auttm
580 3482 650 3537 haec
677 3481 766 3536 status
794 3480 884 3535 ciuilis
912 3481 1017 3536 mentio
1044 3481 1115 3534 facit
1141 3480 1177 3534 ad
1204 3478 1291 3532 uerba

146 3560 271 3626 proxime
295 3561 441 3629 sequeutia
463 3562 495 3614 ia
521 3568 617 3616 senata
646 3560 735 3629 (euius
764 3561 825 3614 erat
848 3560 1005 3614 iurisdictio
1032 3560 1063 3613 in
1090 3560 1173 3614 certis
1199 3559 1290 3613 causis

147 3637 326 3709 capitalibus)
345 3656 400 3709 pro
422 3642 536 3706 atterius
558 3642 722 3696 discrimine.
743 3642 919 3694 -ceterum
940 3639 1012 3694 uidit
1034 3638 1142 3707 aliquid
1160 3640 1226 3694 ante
1245 3654 1289 3691 me

146 3719 225 3788 quasi
244 3735 295 3788 per
313 3720 444 3775 nebulam
463 3719 656 3790 Steudingim,
676 3719 747 3774 mira
764 3720 872 3774 ratione
886 3722 930 3788 (ut
942 3722 1020 3773 amat
1032 3721 1164 3787 portenta
1178 3718 1289 3788 palaeo-

146 3798 292 3870 graphica)
309 3805 411 3854 stateem
429 3802 537 3854 oiattem
556 3817 589 3854 ae
607 3800 812 3856 commendans.
1180 3835 1182 3840 ,

216 3887 233 3934 9
259 3881 301 3934 sia
328 3882 442 3936 orooala
464 3882 650 3950 loquebantur.
698 3881 855 3936 referuntur
883 3881 953 3936 haee
980 3879 1016 3934 ad
1045 3879 1219 3933 oraculomm
1247 3894 1288 3932 re·
1308 3875 1387 3931 0:12

147 3977 246 4030 sponsa
273 3959 400 4015 uersibus
429 3963 571 4031 concepta.
617 3977 707 4027 neque
734 3962 830 4014 tamen
857 3960 903 4015 hic
929 3961 964 4014 de
993 3975 1087 4014 eorum
1113 3958 1214 4027 forma,
1241 3958 1289 4011 sed

148 4040 180 4094 de
203 4057 233 4094 re
260 4041 324 4109 ipsa
348 4041 434 4096 uerba
459 4042 518 4096 fieri
543 4039 721 4108 requirimus:
749 4040 807 4093 luei
832 4044 862 4094 et
885 4056 1001 4094 nemora
1025 4041 1101 4108 Apro
1128 4039 1290 4107 contempta

148 4123 283 4188 quantum
302 4121 338 4174 ad
358 4121 537 4176 excolendam
560 4119 750 4189 augustiorem
774 4119 963 4188 eloquentiam
986 4118 1154 4174 contulerint
1177 4120 1291 4187 exponit

148 4201 298 4257 Maternus.
332 4199 421 4255 siluae
440 4204 521 4255 erant
537 4215 654 4270 poeseos
673 4199 824 4254 cunabula:
853 4198 986 4254 siluarum
1005 4201 1133 4254 sanetum
1152 4200 1289 4252 secretum

148 4284 245 4336 uatum
273 4279 409 4336 excitauit
436 4280 561 4350 ingenia,
589 4280 619 4335 in
647 4279 727 4334 siluis
751 4280 818 4334 olim
842 4280 956 4335 oracula
981 4279 1143 4334 edebantur.
1192 4277 1292 4331 debuit

148 4360 233 4430 igitur
251 4360 310 4429 ille,
328 4363 362 4415 ut
380 4362 500 4431 cogebat
517 4361 609 4430 ipsum
628 4359 803 4430 propositum
823 4360 909 4430 utque
924 4358 1138 4414 commendabat
1157 4357 1290 4413 orationis

147 4443 260 4496 ornatus
285 4441 315 4495 in
337 4441 435 4510 pulcra
458 4440 602 4510 anaphora
626 4441 746 4510 positus,
774 4439 813 4494 sic
837 4457 966 4509 pergere:
999 4441 1043 4494 tio
1065 4440 1178 4494 crocata
1203 4439 1289 4506 toque·

148 4522 255 4577 tantur.
299 4521 333 4575 de
358 4520 436 4575 siluis
460 4521 636 4575 oraculorum
660 4521 771 4576 sedibus
795 4519 995 4588 antiquissimis
1025 4536 1087 4572 eum
1112 4518 1207 4572 omnia
1234 4516 1291 4572 sint
