3270 5168
490 415 779 474 COMMENTARIVS
797 418 970 476 calulate.
1259 419 1301 482 47

154 596 256 650 gamus
275 577 343 646 quid
361 577 390 632 in
409 578 527 648 singulis
546 579 715 634 familiarum
734 585 761 632 1
780 584 851 636 0111
869 580 948 636 libris
966 582 1168 636 autncuatum
1186 581 1223 635 sit
1241 580 1301 635 siue
1330 623 1333 629 .

154 659 269 728 proprio
297 659 386 712 Marte
414 658 474 713 siue
502 662 664 729 comparata
691 659 781 714 altera
804 656 893 714 classe
916 661 966 714 aut
992 661 1139 730 peccatum
1163 676 1196 714 cx
1224 676 1302 715 mera

154 740 312 794 scribarum
336 739 528 810 neglegentia,
560 740 590 794 id
618 740 692 809 quod
719 739 782 808 ipsa
809 745 837 791 Ι
864 742 894 794 01
926 745 951 792 a
978 739 1141 810 apographa
1167 740 1302 794 horumne

154 821 299 889 exemplar
318 826 337 873 0
355 820 485 889 praebuit
503 820 560 875 lere
579 838 719 890 nusquam
738 819 816 887 latet,
837 836 901 874 eum
915 820 1081 890 praesertim
1096 819 1143 886 qui
1165 835 1199 872 ex
1219 819 1302 887 longo

154 917 207 954 usu
234 899 371 954 Italorum
399 901 558 954 commenta
586 915 738 970 agnoscere
766 901 796 954 et
822 899 944 970 genuina
972 917 990 954 a
1016 897 1117 969 spuriis
1146 898 1302 953 discernere

154 979 262 1036 didicit.

228 1059 355 1114 Abiectis
369 1059 458 1130 igitur
472 1060 645 1130 singulorum
661 1061 797 1115 librorum
810 1058 919 1115 friuolis
933 1057 1196 1129 interpolationibus
1214 1058 1302 1128 turpi-

38 1170 40 1178 1
154 1141 263 1207 busque
283 1139 437 1207 erroribus,
456 1140 505 1208 qui
523 1140 579 1195 iam
597 1140 737 1196 neminem
756 1143 875 1209 possunt
892 1140 922 1194 in
942 1139 1054 1195 fraudes
1063 1139 1217 1208 inducere,
1240 1140 1303 1208 ipsa

153 1225 182 1272 1
200 1222 272 1273 0111
290 1218 453 1289 apographa
471 1219 696 1290 reciperauimus.
734 1219 878 1287 quaeritur
900 1236 986 1287 nunc,
1009 1223 1170 1273 utrumnam
1193 1219 1302 1284 horum,

154 1300 204 1353 nbi
222 1299 297 1354 inter
315 1316 345 1354 se
365 1298 547 1367 dissentiunt,
565 1300 670 1354 maiore
690 1317 753 1354 cum
772 1300 826 1354 fide
845 1300 1027 1370 archetypum
1044 1305 1063 1352 0
1081 1299 1227 1354 retinuisse
1245 1315 1302 1352 cre-

154 1380 277 1435 dendum
300 1377 345 1433 sit.
387 1379 495 1449 priores
518 1382 614 1434 autem
637 1379 712 1450 quod
734 1385 759 1432 11
781 1379 864 1448 longe
888 1379 1094 1446 praetulerunt,
1117 1376 1147 1432 id
1173 1376 1237 1432 inde
1256 1393 1301 1431 ex-

154 1459 276 1529 plicatur
294 1458 369 1528 quod
387 1473 473 1525 usque
493 1458 529 1511 ad
544 1474 568 1511 a.
585 1464 666 1527 1841,
685 1476 740 1528 quc
755 1459 785 1512 L.
801 1457 929 1512 Troesius
944 1457 1010 1513 libri
1023 1457 1168 1513 Leidensis
1182 1456 1302 1526 primam

154 1553 218 1590 cum
249 1536 340 1591 doctis
364 1536 582 1591 communicauit
605 1538 748 1604 notitiam,
773 1536 883 1593 tantum
908 1536 1028 1605 pessimo
1047 1554 1159 1607 quoque
1177 1536 1301 1592 familiae

154 1620 183 1668 1
201 1616 297 1672 codice
320 1616 472 1672 utebantur
495 1616 715 1684 (Vindobonensi
740 1616 868 1672 Parisino
891 1617 1080 1688 Farnesiano).
1122 1618 1191 1687 quid
1214 1617 1302 1687 igitur

155 1695 257 1748 mirum
276 1697 332 1762 est,
358 1695 382 1749 si
405 1695 519 1749 inuento
542 1695 672 1768 Leidensi
695 1695 754 1765 (qni
773 1713 839 1750 sane
857 1696 920 1751 istis
942 1697 1023 1752 libris
1046 1715 1129 1768 saepe
1150 1699 1240 1753 multo
1260 1699 1303 1752 cst

160 1773 267 1842 purior)
284 1774 429 1842 magisque
448 1773 534 1827 etiam
552 1776 695 1843 protracto
714 1779 814 1845 postea
831 1775 860 1830 in
879 1777 970 1832 lucem
983 1778 1122 1834 Vaticano
1141 1778 1168 1832 A
1187 1777 1302 1846 egregia

160 1851 273 1906 criticae
291 1853 415 1907 subsidia
434 1853 551 1907 nanctos
570 1869 599 1907 se
618 1869 679 1909 csse
697 1856 855 1924 putabant?
884 1875 940 1926 quo
958 1858 1130 1928 praeiudicio
1150 1859 1302 1927 occupatus

156 1949 192 1986 00
215 1933 404 1988 Michaelisius
427 1933 555 2003 quidem,
578 1933 627 2002 qui
649 1935 754 2004 primns
778 1943 805 1989 11
828 1955 939 2007 quoque
962 1936 1087 1994 familiae
1109 1941 1139 1994 et
1161 1939 1255 2008 plures
1273 1938 1303 1989 ct

153 2012 321 2082 integriores
343 2013 430 2066 testes
455 2010 596 2080 adhibuit,
621 2013 689 2081 quid
713 2017 754 2072 rei
778 2019 852 2072 esset
874 2018 976 2073 acriter
997 2019 1160 2090 indagauit,
1184 2018 1233 2073 sed
1251 2031 1301 2085 pro

153 2089 231 2144 uirili
254 2093 334 2161 parte
359 2091 456 2146 classis
479 2097 503 2144 n
525 2091 631 2145 famam
654 2094 750 2150 multis
772 2097 876 2150 elatam
895 2097 1027 2152 laudibus
1051 2115 1102 2154 sua
1124 2097 1212 2166 ipsius
1230 2095 1302 2148 falsa

154 2169 370 2226 ratiocinatione
390 2171 559 2241 propagauit
576 2172 661 2239 atque
680 2173 766 2228 auxit.
804 2173 935 2230 nimirum
950 2177 999 2244 qui
1014 2193 1047 2230 ex
1061 2182 1085 2229 11
1099 2175 1302 2232 descenderunt

152 2251 219 2305 libri
237 2250 265 2304 A
284 2254 312 2306 et
330 2250 358 2303 B
377 2250 484 2306 maiore
507 2267 570 2304 cum
594 2251 746 2322 diligentia
762 2257 828 2308 sunt
846 2255 968 2324 armati,
989 2255 1182 2325 neglegentius
1200 2252 1249 2322 qui
1268 2269 1302 2306 ex

152 2335 187 2385 lt.
225 2347 278 2386 neo
300 2332 398 2385 tamen
420 2331 450 2384 in
472 2331 527 2384 bac
550 2348 581 2385 re
603 2335 730 2386 uersatur
755 2333 927 2402 quaestionis
952 2350 1073 2403 summa,
1101 2333 1202 2388 sedin
1225 2334 1301 2386 recte

153 2410 335 2464 aestimandis
355 2415 382 2462 1
401 2413 472 2465 0111
490 2410 567 2479 ipsis.
605 2411 656 2466 hos
675 2413 784 2468 codices
803 2414 955 2470 secundum
974 2409 1043 2468 artis
1061 2413 1172 2483 regulas
1190 2411 1272 2467 restit
1291 2441 1301 2450 ·

154 2491 199 2544 tos
219 2489 243 2544 si
262 2493 391 2545 accurato
411 2490 615 2559 examinamus,
636 2491 728 2546 subito
747 2491 882 2548 iudicium
900 2493 984 2563 plane
1003 2493 1152 2547 inuertitnr
1170 2494 1299 2562 apparet

154 2587 208 2638 que
231 2577 254 2623 11
278 2588 447 2642 quamquam
470 2571 561 2640 ipsum
584 2571 708 2640 peiorem
732 2575 827 2630 tamen
849 2592 930 2629 usum
956 2590 1016 2629 esse
1041 2573 1106 2628 filiis
1129 2571 1300 2639 melioribus,

155 2653 254 2706 contra
277 2668 295 2707 a
319 2648 456 2707 nobiliore
480 2655 507 2702 11
531 2651 612 2720 patre
635 2652 727 2722 magis
750 2653 934 2723 degenerasse
954 2653 1071 2723 prolem.
1107 2651 1188 2707 nobis
1206 2653 1300 2706 autem

153 2731 287 2800 quoniam
314 2732 368 2786 soli
394 2733 490 2800 patres
515 2731 545 2784 in
570 2747 683 2786 censum
706 2737 772 2789 sunt
793 2733 927 2800 uocandi,
954 2737 986 2788 tu
1014 2731 1125 2788 abiecta
1149 2732 1222 2788 falsa
1245 2733 1302 2786 ista

154 2812 286 2881 opinione
305 2811 440 2866 lectiones
465 2826 534 2878 quas
558 2815 585 2862 1
604 2813 674 2866 0111
696 2810 803 2867 habent
824 2811 953 2882 proprias
971 2811 1014 2865 ita
1031 2811 1104 2865 inter
1123 2827 1152 2864 se
1171 2826 1302 2879 compara

154 2892 186 2944 ut
204 2890 340 2946 Italorum
358 2887 473 2960 ingenia
492 2888 641 2958 studiaque
660 2907 771 2960 semper
788 2891 939 2959 respiciens
957 2890 1119 2959 inuestiges,
1140 2891 1220 2944 utrae
1238 2890 1301 2944 illa-

153 2988 216 3025 rum
240 2970 351 3027 fidelius
378 2969 470 3040 ipsum
497 2975 516 3022 0
543 2969 675 3024 reddant:
701 2975 725 3022 n
750 2987 806 3025 non
831 2972 912 3039 potes
939 2986 995 3024 non
1017 2967 1168 3024 concedere
1191 2969 1301 3038 saepius

154 3049 243 3104 multo
258 3068 318 3106 esse
337 3051 517 3118 deturpatum
532 3066 597 3103 cum
615 3047 725 3104 leuibus
739 3048 905 3105 correcturis
918 3051 979 3104 tum
993 3065 1060 3103 uero
1074 3047 1175 3117 supina
1192 3047 1301 3103 librarii

154 3129 347 3201 neglegentia,
366 3136 394 3182 Ι
413 3146 479 3184 0010
500 3141 670 3198 quamquam
689 3146 743 3184 non
767 3130 908 3200 integrum
928 3148 946 3186 a
964 3129 1140 3200 corruptione
1159 3129 1254 3182 tamen
1272 3129 1301 3180 et

153 3208 237 3280 longe
251 3209 396 3279 pauciores
411 3224 518 3264 errores
532 3225 599 3277 prae
613 3225 643 3262 se
657 3207 729 3263 ferre
743 3213 773 3264 et
788 3209 847 3264 lere
862 3229 1000 3281 nusquam
1015 3227 1075 3265 esse
1090 3209 1300 3279 interpolatum.

154 3287 218 3342 uide
241 3289 325 3344 modo
349 3305 421 3359 quae
445 3287 636 3343 Michaelisius
660 3287 854 3344 adtuendam
883 3308 962 3346 suam
986 3289 1167 3358 sententiam,
1194 3305 1250 3357 qua
1273 3290 1302 3338 1

154 3367 247 3439 potins
266 3387 301 3422 ex
322 3369 439 3424 libidine
459 3369 571 3423 refictus
591 3368 702 3439 dicitur,
720 3370 840 3439 protulit
858 3371 985 3440 exempla
1004 3370 1043 3442 [p.
1063 3368 1139 3440 XH]:

206 3481 242 3530 u:
263 3493 286 3530 c.
304 3481 347 3545 00,
383 3476 545 3530 dotatores
564 3474 666 3530 aetatis
686 3475 810 3530 eiusdem
845 3480 885 3530 11:
905 3474 1031 3531 eiusdem
1049 3478 1102 3530 aet.
1123 3477 1248 3530 oratores

305 3561 347 3625 00,
386 3555 477 3610 tiam
496 3553 589 3610 senior
878 3571 879 3574 ¹
905 3554 998 3609 senior
1016 3553 1074 3609 iarn
1187 3617 1191 3628 ,

306 3641 349 3706 30,
369 3641 401 3689 01
423 3634 491 3690 artis
509 3634 648 3704 ingenuae
904 3635 1042 3704 ingenuae
1063 3633 1140 3688 artis.

153 3740 344 3796 demonstraui
372 3740 445 3795 iufra
472 3739 502 3794 in
531 3740 745 3808 commentario,
774 3741 843 3794 duas
871 3739 1022 3809 scripturas
1049 3739 1116 3793 libri
1137 3744 1165 3790 Ι
1191 3739 1298 3808 priores

152 3821 236 3889 plane
256 3822 423 3890 respondere
443 3820 506 3874 usui
524 3819 651 3887 Taciteo,
676 3820 788 3873 tertiam
813 3819 988 3876 subtiliorem
1006 3819 1096 3874 multo
1116 3835 1186 3885 esse;
1207 3818 1297 3874 ethis

152 3901 222 3956 locis
241 3903 284 3970 (01
302 3903 332 3956 01
350 3901 413 3956 aliis
431 3901 508 3956 hand
526 3898 636 3970 paucis)
655 3915 737 3953 nemo
752 3916 785 3953 eo
801 3917 889 3969 usqne
908 3900 1103 3970 progredietur
1121 3901 1153 3952 ut
1171 3897 1300 3952 adfirmet

153 3983 268 4036 doctum
287 3980 411 4051 aliquem
430 3981 534 4036 Italum
552 3980 664 4051 penitus
683 3995 742 4035 sese
759 3979 915 4034 insinuasse
934 3979 964 4033 in
978 3979 1087 4035 dicendi
1106 3996 1193 4048 genus
1207 3977 1299 4031 Taciti

152 4063 304 4133 proprium.
337 4079 403 4116 nam
423 4063 534 4132 oportet
556 4061 605 4116 ille
629 4078 713 4131 quem
731 4059 842 4114 finxeris
862 4063 1003 4115 corrector
1021 4060 1108 4114 Italus
1126 4061 1185 4113 tam
1204 4057 1297 4126 singu·

152 4142 220 4196 laris
244 4141 421 4197 dexteritatis
443 4142 529 4196 fuerit
555 4142 682 4209 criticus,
710 4141 801 4210 qualis
828 4139 903 4196 inter
928 4157 1024 4196 omnes
1048 4138 1154 4208 dialogi
1177 4137 1298 4194 editores

154 4224 444 4290 commentatoresque
463 4222 554 4277 adhuc
574 4239 630 4278 non
650 4219 751 4276 extitit.
789 4221 914 4290 seqnitur
936 4220 1023 4291 igitur
1041 4235 1104 4273 eum
1123 4219 1171 4286 qui
1189 4224 1213 4270 11
1233 4216 1297 4272 scri·

155 4301 211 4370 psit
228 4303 373 4357 errauisse.
411 4302 505 4372 pergit
524 4302 634 4357 adferre
652 4300 856 4356 Michaelisius:

313 4414 348 4462 a:
368 4425 391 4463 c.
411 4412 453 4477 18,
472 4413 506 4462 30
526 4407 639 4474 quidem
658 4409 751 4462 autem
848 4408 1002 4462 litantem

413 4494 457 4558 31,
476 4494 510 4544 04
529 4505 640 4542 omnem
660 4490 814 4544 orationem
908 4487 1062 4542 orationem
