3270 5168
558 424 739 481 DIALOGVS
760 425 788 480 c.
810 433 922 482 rs-ro.
1270 429 1311 492 m

121 611 136 652 ⁵
169 591 258 677 genii
280 614 339 656 neo
362 589 533 656 inscientia
556 590 738 656 litterarum
758 591 965 656 transtulisse
984 613 1018 655 se
1033 591 1074 656 ad
1088 591 1173 657 aliud
1188 592 1313 658 dicendi

167 719 271 783 genus
294 681 470 781 contendo,
499 697 555 762 sed
578 696 698 762 iudicio
723 699 755 762 et
778 697 953 762 intellectu.
995 697 1078 764 uidit
1100 720 1254 784 namque,
1276 703 1314 764 ut

166 804 265 888 paulo
293 806 369 868 anta
398 803 558 882 dicebam,
587 825 660 870 cum
688 803 876 869 condicione
904 808 1088 887 temporum
1117 829 1156 870 ex
1178 806 1311 871 diuersi-

166 915 235 977 tate
259 911 386 976 aurium
409 909 546 975 formam
575 931 702 994 quoque
730 932 767 976 ac
794 910 932 995 speciem
951 912 1118 978 orationis
1146 934 1216 989 esse
1244 936 1311 977 mu-

166 1018 310 1083 tandam.
347 1016 440 1084 facile
463 1017 646 1102 perferebat
672 1018 761 1101 prior
789 1017 1004 1103 illepopulus
1027 1022 1064 1083 ut
1086 1020 1255 1103 imperitus
1280 1023 1313 1084 et

122 1143 151 1181 1⁰
167 1124 257 1189 rudis
289 1124 607 1208 impeditissimarum
641 1125 825 1190 orationum
857 1124 979 1209 spatia3
1011 1129 1108 1210 atque
1139 1127 1172 1190 id
1204 1127 1312 1210 ipsum

166 1231 255 1297 laudi
278 1231 428 1317 dabatur,
452 1232 479 1298 si
498 1232 632 1298 dicendo
652 1233 723 1317 quis
743 1231 828 1297 diem
844 1232 1005 1298 eximeret.
1041 1233 1106 1297 iam
1121 1255 1198 1298 uero
1213 1233 1313 1319 longa

165 1337 399 1421 principiorum
422 1339 634 1422 praeparatio.
652 1342 685 1403 et
707 1339 902 1404 narrationis
927 1339 990 1403 alte
1014 1337 1152 1422 repetita
1167 1341 1265 1405 series
1281 1344 1313 1405 et

165 1445 342 1510 multarum
361 1445 558 1511 diuisionum
572 1446 749 1510 ostentatio
765 1448 798 1510 et
811 1446 900 1510 mille
915 1447 1178 1531 argumentorum
1193 1447 1312 1532 gradus

166 1555 200 1617 et
222 1553 374 1638 quicquid
399 1552 485 1617 aliud
510 1551 702 1616 aridissimis
717 1550 939 1637 Hermagorae
963 1557 995 1617 ct
1009 1551 1201 1635 Apollodori
1220 1553 1311 1617 libris

123 1673 151 1713 1⁵
166 1659 376 1744 praecipitur,
398 1659 433 1725 in
451 1659 572 1724 honore
593 1662 670 1723 erat.
708 1657 823 1743 quodsi
837 1657 1057 1743 quisadortus
1071 1657 1312 1742 philosophiam

166 1765 330 1830 uideretur
353 1770 449 1850 atque
472 1787 512 1830 ex
535 1787 572 1830 ea
595 1767 702 1831 locum
726 1765 867 1850 aliquem
891 1765 1031 1830 orationi
1055 1787 1130 1855 snae
1144 1764 1312 1850 insereret,

165 1871 201 1936 in
224 1873 346 1936 caelum
369 1872 519 1936 laudibus
547 1871 719 1937 ferebatur.
756 1893 815 1936 nec
839 1872 969 1958 mirum3
998 1873 1090 1936 erant
1114 1871 1204 1958 ¹enim
1232 1871 1312 1938 haec

164 1999 251 2042 noua
278 1981 311 2043 et
337 1979 515 2064 incognita,
545 1980 578 2042 et
604 1978 749 2063 ipsorum
778 1999 903 2063 quoque
933 1979 1098 2043 oratorum
1127 1978 1312 2061 paucissimi

164 2088 338 2169 praecepta
365 2085 531 2151 rhetorum
559 2089 616 2151 aut
642 2084 911 2170 philosophorum
939 2085 1059 2168 placita
1083 2088 1311 2169 cognouerant.

123 2208 150 2245 20
166 2195 201 2256 at
223 2191 352 2256 hercula
374 2193 574 2277 peruulgatis
598 2193 663 2257 iam
687 2193 852 2270 omnibus,
875 2213 949 2257 cum
971 2192 1005 2257 in
1024 2211 1143 2259 corona
1156 2192 1211 2255 uix
1226 2193 1310 2277 quis·

166 2319 264 2380 quam
288 2297 438 2376 adsistat,
461 2298 541 2382 quin
564 2298 732 2390 elementis
757 2297 943 2363 studiorum·
958 2299 1020 2362 etsi
1039 2320 1105 2362 non
1124 2298 1312 2384 instructus,

166 2407 202 2468 at
223 2407 309 2470 certe
332 2404 475 2470 imbutus
500 2406 557 2489 sit,
579 2404 674 2469 nouis
694 2407 726 2470 et
740 2403 908 2489 exquisitis
923 2403 1126 2490 eloquentiae
1140 2404 1311 2470 itineribus

140 2521 143 2528 '
165 2532 246 2594 opus
270 2513 333 2594 cst,
360 2532 418 2596 per
446 2534 527 2597 quae
552 2516 663 2578 orator
685 2511 853 2576 fastidium
876 2513 1002 2576 aurium
1026 2512 1171 2598 effugiat,
1199 2512 1311 2597 utique

92 2644 96 2650 ·
164 2617 249 2702 apud
278 2639 333 2682 eos
360 2617 494 2703 iudices,
522 2620 578 2704 qui
605 2619 639 2684 ui
667 2622 701 2684 et
727 2621 902 2704 potestate,
929 2641 996 2684 non
1024 2621 1092 2684 iure
1120 2623 1153 2684 et
1181 2619 1310 2704 legibus

11 2715 12 2718 ¹
124 2739 150 2779 2⁵
165 2727 379 2811 cognoscunt,
402 2748 461 2792 nac
485 2726 649 2810 accipiunt
671 2730 832 2811 tempora,
856 2726 911 2791 sed
935 2726 1151 2810 constituunt,
1174 2748 1234 2791 nec
1258 2747 1309 2789 ex-

164 2832 357 2917 pectandum
381 2832 504 2898 habent
526 2834 701 2915 oratorem,
725 2831 802 2896 dum
825 2831 874 2894 illi
896 2831 998 2896 libeat
1020 2831 1059 2894 dc
1081 2831 1153 2915 ipso
1174 2831 1308 2918 negotio

165 2939 282 3024 dicere,
305 2940 360 3004 sed
385 2961 480 3024 saepe
502 2939 590 3003 ultro
615 2937 791 3002 admonent
815 2941 911 3020 atque
932 2937 997 3001 alio
1016 2935 1308 3020 transgredientem

164 3048 319 3112 reuocant
343 3049 376 3110 et
397 3044 551 3110 festinare
575 3065 610 3109 sa
633 3044 805 3109 testantur.
841 3043 913 3129 quis
937 3063 1022 3107 nunc
1046 3042 1128 3106 feret
1147 3045 1362 3117 oratorem20

163 3154 201 3219 de
223 3152 413 3218 infirmitate
441 3151 630 3217 ualitudinis
659 3172 736 3215 suae
759 3150 974 3234 praefantem,
1005 3150 1114 3235 qualia
1142 3150 1219 3214 sunt
1241 3147 1307 3214 fere

164 3259 324 3344 principia
340 3256 495 3325 Coruini?
520 3258 591 3342 quis
615 3257 756 3342 quinque
779 3257 814 3321 in
828 3255 965 3322 Verrem
983 3257 1084 3322 libros
1103 3256 1308 3340 expectabit?

164 3368 235 3453 quis
258 3368 295 3432 dc
318 3367 503 3450 exceptione
527 3369 560 3430 et
581 3365 722 3430 formula
744 3364 942 3449 perpetietur
964 3364 1021 3429 illa
1043 3363 1201 3430 immensa
1219 3364 1308 3429 uolu-

128 3485 140 3526 5
165 3475 265 3560 mina,
293 3495 374 3560 quae
396 3496 457 3559 pro
479 3472 522 3537 M.
545 3472 652 3538 Tullio
677 3475 734 3552 aut
757 3472 842 3537 Aulo
866 3470 1004 3537 Caecina
1026 3472 1188 3556 legimus?
1216 3493 1306 3556 prae-

165 3582 264 3647 currit
291 3581 354 3647 hoc
382 3583 526 3665 tempore
556 3579 651 3644 iudex
675 3560 834 3643 dicentem
857 3580 902 3662 et,
929 3576 994 3642 nisi
1017 3581 1074 3642 aut
1097 3599 1190 3643 eursu
1214 3597 1306 3662 argu-

235 3861 251 3911 5
269 3853 420 3910 inscientia
437 3854 547 3924 scripsi:
566 3850 681 3908 inscitia
701 3856 720 3905 0
745 3849 750 3922 l
780 3849 857 3904 aliud
875 3849 1064 3912 Aodres'eaas:
1082 3849 1154 3904 illud
1172 3855 1191 3901 0
1209 3852 1218 3919 ΙΙ
1243 3856 1306 3904 tex

165 3937 246 3992 idern:
270 3937 338 3990 eto
364 3937 375 4004 ΙΙ
405 3933 495 3989 aista
513 3939 537 3986 11
571 3936 580 4002 ΙΙ
614 3939 646 3986 10
664 3929 939 4000 imperitissimamm
958 3937 991 3999 0,
1014 3932 1133 3986 corrasit
1152 3931 1280 3986 Muretus
1298 3935 1306 4002 11

168 4021 196 4069 11
217 4013 295 4070 laudi
314 4015 433 4069 dabatur
450 4019 490 4068 11:
509 4013 686 4068 laudabatlt
712 4013 722 4080 ΙΙ
755 4017 787 4065 12
806 4011 999 4065 narrationum
1018 4012 1177 4082 Speupelius
1210 4012 1214 4077 l
1248 4009 1306 4082 aliq

166 4097 261 4164 111113
280 4095 432 4149 multorum
449 4093 599 4160 113'multa
617 4093 798 4162 Speapeliusu
818 4098 850 4145 15
870 4091 985 4145 adortus
1004 4092 1114 4160 scripsit
1135 4088 1266 4143 adoratus
1286 4095 1305 4142 0

166 4173 296 4230 odoratus
312 4191 328 4233 ς
342 4176 352 4244 l
368 4181 399 4228 16
417 4171 560 4228 uideretur
578 4190 607 4233 ςι
627 4171 739 4228 uidetur
753 4176 772 4222 0
786 4171 795 4240 ΙΙ
810 4177 842 4224 11
862 4170 943 4224 erant
961 4185 992 4228 ςι
1010 4170 1175 4238 0111101120
1192 4169 1307 4235 sortasse

165 4253 338 4324 peruulgatie
361 4253 406 4308 his
429 4252 487 4310 iam
505 4255 574 4324 (siue
591 4273 617 4324 p.
638 4253 705 4323 illis)
729 4249 859 4306 omnibus
889 4255 892 4318 1
921 4250 952 4304 in
971 4266 1074 4304 corona
1092 4249 1139 4302 uix
1158 4248 1305 4317 quisquam

164 4337 274 4404 scripsi:
293 4335 341 4388 uix
358 4333 389 4388 in
407 4332 516 4388 cortina
534 4333 681 4403 quisquam
696 4339 714 4388 0
734 4339 847 4402 (corona
865 4334 921 4388 ioue
939 4330 1065 4399 Ursinus)
1079 4331 1088 4398 l
1102 4335 1135 4383 21
1155 4328 1222 4397 quin
1237 4331 1304 4384 Mu-

165 4422 249 4472 retus:
269 4414 316 4483 qui
331 4420 349 4467 0
363 4416 373 4482 ΙΙ
387 4419 422 4468 24
436 4411 465 4465 ui
479 4417 517 4468 1:
537 4430 587 4468 om.
602 4417 625 4466 11
641 4416 645 4482 Ι
662 4414 691 4467 at
704 4414 819 4468 alterum
833 4417 872 4466 1:
892 4412 942 4464 aut
955 4415 979 4461 11
992 4410 1001 4479 ΙΙ
1016 4415 1049 4463 26
1069 4410 1263 4480 expectantem
1281 4414 1304 4460 11

235 4498 283 4555 20.
302 4503 319 4551 4
338 4497 372 4550 de
390 4495 500 4552 addidit
518 4509 535 4552 ς
551 4495 555 4562 l
571 4493 626 4549 ista
644 4496 691 4566 1111
705 4501 720 4549 6
735 4492 896 4548 dicentesr
