<?xml version="1.0" encoding="UTF-8"?>
<!DOCTYPE html PUBLIC "-//W3C//DTD XHTML 1.0 Transitional//EN"
    "http://www.w3.org/TR/xhtml1/DTD/xhtml1-transitional.dtd">
<html xmlns="http://www.w3.org/1999/xhtml" xml:lang="en" lang="en">
 <head>
  <title>
</title>
<meta http-equiv="Content-Type" content="text/html;charset=utf-8" />
  <meta name='ocr-system' content='tesseract 3.04.00' />
  <meta name='ocr-capabilities' content='ocr_page ocr_carea ocr_par ocr_line ocrx_word'/>
</head>
<body>
  <div class='ocr_page' id='page_1' title='image "./corneliitacitid03tacigoog_0094.png"; bbox 0 0 3296 5168; ppageno 0'>
   <div class='ocr_carea' id='block_1_1' title="bbox 420 397 1326 505">
    <p class='ocr_par' dir='ltr' id='par_1_1' title="bbox 420 397 1326 505">
     <span class='ocr_line' id='line_1_1' title="bbox 420 397 1326 505; baseline -0.002 -9"><span class='ocrx_word' id='word_1_1' title='bbox 420 397 710 496; x_wconf 65' lang='lat' dir='ltr'>compassurus</span> <span class='ocrx_word' id='word_1_2' title='bbox 731 439 895 495; x_wconf 81' lang='lat' dir='ltr'>carmcvs</span> <span class='ocrx_word' id='word_1_3' title='bbox 915 439 945 495; x_wconf 90' lang='lat' dir='ltr'>c.</span> <span class='ocrx_word' id='word_1_4' title='bbox 965 446 1078 495; x_wconf 80' lang='lat' dir='ltr'>sr-sa.</span> <span class='ocrx_word' id='word_1_5' title='bbox 1283 441 1326 505; x_wconf 82' lang='lat'>89</span> 
     </span>
    </p>
   </div>
   <div class='ocr_carea' id='block_1_2' title="bbox 76 600 1425 4598">
    <p class='ocr_par' dir='ltr' id='par_1_2' title="bbox 173 600 1425 832">
     <span class='ocr_line' id='line_1_2' title="bbox 252 600 1425 670; baseline 0 -14"><span class='ocrx_word' id='word_1_6' title='bbox 252 607 268 656; x_wconf 93' lang='grc'><strong>2</strong></span> <span class='ocrx_word' id='word_1_7' title='bbox 291 607 323 656; x_wconf 85' lang='lat' dir='ltr'>ut</span> <span class='ocrx_word' id='word_1_8' title='bbox 346 604 384 656; x_wconf 88' lang='lat' dir='ltr'>ad</span> <span class='ocrx_word' id='word_1_9' title='bbox 406 607 510 670; x_wconf 79' lang='lat' dir='ltr'>ternpus</span> <span class='ocrx_word' id='word_1_10' title='bbox 531 601 646 670; x_wconf 77' lang='lat' dir='ltr'><em>simplex</em></span> <span class='ocrx_word' id='word_1_11' title='bbox 669 600 801 669; x_wconf 83' lang='lat' dir='ltr'>quiddam</span> <span class='ocrx_word' id='word_1_12' title='bbox 823 605 849 656; x_wconf 90' lang='lat' dir='ltr'>et</span> <span class='ocrx_word' id='word_1_13' title='bbox 870 601 1007 670; x_wconf 76' lang='lat' dir='ltr'>uniforme</span> <span class='ocrx_word' id='word_1_14' title='bbox 1028 603 1180 657; x_wconf 68' lang='lat' dir='ltr'>mosomum.</span> <span class='ocrx_word' id='word_1_15' title='bbox 1219 602 1252 657; x_wconf 86' lang='lat' dir='ltr'>de</span> <span class='ocrx_word' id='word_1_16' title='bbox 1271 602 1327 658; x_wconf 89' lang='lat' dir='ltr'>loci</span> <span class='ocrx_word' id='word_1_17' title='bbox 1345 626 1368 664; x_wconf 66' lang='grc' dir='ltr'>ο,</span> <span class='ocrx_word' id='word_1_18' title='bbox 1388 608 1425 663; x_wconf 76' lang='grc'>22</span> 
     </span>
     <span class='ocr_line' id='line_1_3' title="bbox 177 678 1328 753; baseline 0 -15"><span class='ocrx_word' id='word_1_19' title='bbox 177 683 321 738; x_wconf 88' lang='lat' dir='ltr'>sententia</span> <span class='ocrx_word' id='word_1_20' title='bbox 345 699 409 737; x_wconf 91' lang='lat' dir='ltr'>cum</span> <span class='ocrx_word' id='word_1_21' title='bbox 432 681 512 735; x_wconf 88' lang='lat' dir='ltr'>nulla</span> <span class='ocrx_word' id='word_1_22' title='bbox 535 680 572 734; x_wconf 90' lang='lat' dir='ltr'>sit</span> <span class='ocrx_word' id='word_1_23' title='bbox 594 678 733 735; x_wconf 89' lang='lat' dir='ltr'>dubitatio</span> <span class='ocrx_word' id='word_1_24' title='bbox 753 681 951 750; x_wconf 76' lang='lat' dir='ltr'>(praetermitti</span> <span class='ocrx_word' id='word_1_25' title='bbox 969 682 1053 736; x_wconf 87' lang='lat' dir='ltr'>uideo</span> <span class='ocrx_word' id='word_1_26' title='bbox 1075 683 1110 736; x_wconf 89' lang='lat' dir='ltr'>ab</span> <span class='ocrx_word' id='word_1_27' title='bbox 1129 681 1328 753; x_wconf 83' lang='lat' dir='ltr'>interpretibus</span> 
     </span>
     <span class='ocr_line' id='line_1_4' title="bbox 173 761 1325 832; baseline 0.001 -14"><span class='ocrx_word' id='word_1_28' title='bbox 173 766 273 820; x_wconf 90' lang='lat' dir='ltr'>locum</span> <span class='ocrx_word' id='word_1_29' title='bbox 302 762 444 818; x_wconf 82' lang='lat' dir='ltr'>Ciceronis</span> <span class='ocrx_word' id='word_1_30' title='bbox 471 762 505 816; x_wconf 89' lang='lat' dir='ltr'>de</span> <span class='ocrx_word' id='word_1_31' title='bbox 532 779 570 816; x_wconf 88' lang='lat' dir='ltr'>or.</span> <span class='ocrx_word' id='word_1_32' title='bbox 594 761 607 814; x_wconf 96' lang='lat'>1</span> <span class='ocrx_word' id='word_1_33' title='bbox 633 761 691 830; x_wconf 75' lang='lat'>73),</span> <span class='ocrx_word' id='word_1_34' title='bbox 718 761 752 815; x_wconf 88' lang='lat' dir='ltr'>de</span> <span class='ocrx_word' id='word_1_35' title='bbox 777 762 916 818; x_wconf 88' lang='lat' dir='ltr'>uocabulo</span> <span class='ocrx_word' id='word_1_36' title='bbox 941 764 1077 832; x_wconf 73' lang='lat' dir='ltr'>uniforme</span> <span class='ocrx_word' id='word_1_37' title='bbox 1101 763 1184 818; x_wconf 90' lang='lat' dir='ltr'>ualde</span> <span class='ocrx_word' id='word_1_38' title='bbox 1210 766 1325 831; x_wconf 85' lang='lat' dir='ltr'>haereo;</span> 
     </span>
    </p>

    <p class='ocr_par' dir='ltr' id='par_1_3' title="bbox 76 841 1329 1636">
     <span class='ocr_line' id='line_1_5' title="bbox 76 841 1327 914; baseline 0.002 -17"><span class='ocrx_word' id='word_1_39' title='bbox 76 905 79 912; x_wconf 46' lang='grc'><em>,</em></span> <span class='ocrx_word' id='word_1_40' title='bbox 177 843 302 899; x_wconf 81' lang='lat' dir='ltr'>‘discere</span> <span class='ocrx_word' id='word_1_41' title='bbox 321 845 396 914; x_wconf 89' lang='lat' dir='ltr'>qnod</span> <span class='ocrx_word' id='word_1_42' title='bbox 415 843 491 914; x_wconf 90' lang='lat' dir='ltr'>apud</span> <span class='ocrx_word' id='word_1_43' title='bbox 510 858 606 897; x_wconf 89' lang='lat' dir='ltr'>omnes</span> <span class='ocrx_word' id='word_1_44' title='bbox 626 858 709 896; x_wconf 89' lang='lat' dir='ltr'>unam</span> <span class='ocrx_word' id='word_1_45' title='bbox 732 841 837 897; x_wconf 88' lang='lat' dir='ltr'>habeat</span> <span class='ocrx_word' id='word_1_46' title='bbox 856 843 975 899; x_wconf 82' lang='lat' dir='ltr'>formam</span> <span class='ocrx_word' id='word_1_47' title='bbox 995 843 1182 914; x_wconf 89' lang='lat' dir='ltr'>speciemque&#39;</span> <span class='ocrx_word' id='word_1_48' title='bbox 1203 844 1271 914; x_wconf 91' lang='lat' dir='ltr'>quid</span> <span class='ocrx_word' id='word_1_49' title='bbox 1289 846 1327 900; x_wconf 88' lang='lat' dir='ltr'>sit</span> 
     </span>
     <span class='ocr_line' id='line_1_6' title="bbox 176 922 1328 996; baseline 0 -18"><span class='ocrx_word' id='word_1_50' title='bbox 176 924 285 993; x_wconf 88' lang='lat' dir='ltr'>quidue</span> <span class='ocrx_word' id='word_1_51' title='bbox 308 924 353 978; x_wconf 93' lang='lat' dir='ltr'>bic</span> <span class='ocrx_word' id='word_1_52' title='bbox 377 923 432 996; x_wconf 77' lang='lat' dir='ltr'>sjbi</span> <span class='ocrx_word' id='word_1_53' title='bbox 455 923 538 990; x_wconf 89' lang='lat' dir='ltr'>uelit,</span> <span class='ocrx_word' id='word_1_54' title='bbox 563 923 692 991; x_wconf 89' lang='lat' dir='ltr'>equidem</span> <span class='ocrx_word' id='word_1_55' title='bbox 714 938 769 976; x_wconf 90' lang='lat' dir='ltr'>non</span> <span class='ocrx_word' id='word_1_56' title='bbox 792 923 853 977; x_wconf 86' lang='lat' dir='ltr'>tam</span> <span class='ocrx_word' id='word_1_57' title='bbox 875 923 958 979; x_wconf 86' lang='lat' dir='ltr'>facile</span> <span class='ocrx_word' id='word_1_58' title='bbox 976 922 1114 995; x_wconf 85' lang='lat' dir='ltr'>intellego</span> <span class='ocrx_word' id='word_1_59' title='bbox 1131 940 1214 994; x_wconf 88' lang='lat' dir='ltr'>qnam</span> <span class='ocrx_word' id='word_1_60' title='bbox 1234 925 1261 979; x_wconf 89' lang='lat' dir='ltr'>ci</span> <span class='ocrx_word' id='word_1_61' title='bbox 1279 925 1328 993; x_wconf 90' lang='lat' dir='ltr'>qui</span> 
     </span>
     <span class='ocr_line' id='line_1_7' title="bbox 174 1001 1328 1076; baseline 0.003 -18"><span class='ocrx_word' id='word_1_62' title='bbox 174 1003 264 1058; x_wconf 89' lang='lat' dir='ltr'>celeri</span> <span class='ocrx_word' id='word_1_63' title='bbox 282 1007 458 1058; x_wconf 86' lang='lat' dir='ltr'>transeuntes</span> <span class='ocrx_word' id='word_1_64' title='bbox 477 1003 549 1072; x_wconf 89' lang='lat' dir='ltr'>pede</span> <span class='ocrx_word' id='word_1_65' title='bbox 568 1018 602 1055; x_wconf 86' lang='lat' dir='ltr'>ex</span> <span class='ocrx_word' id='word_1_66' title='bbox 620 1001 684 1056; x_wconf 87' lang='lat' dir='ltr'>aeni</span> <span class='ocrx_word' id='word_1_67' title='bbox 702 1003 837 1072; x_wconf 76' lang='lat' dir='ltr'>postremi</span> <span class='ocrx_word' id='word_1_68' title='bbox 861 1002 1042 1073; x_wconf 87' lang='lat' dir='ltr'>scriptoribus</span> <span class='ocrx_word' id='word_1_69' title='bbox 1065 1005 1174 1076; x_wconf 79' lang='lat' dir='ltr'>aliquot</span> <span class='ocrx_word' id='word_1_70' title='bbox 1197 1006 1328 1061; x_wconf 87' lang='lat' dir='ltr'>uocabuli</span> 
     </span>
     <span class='ocr_line' id='line_1_8' title="bbox 172 1081 1328 1156; baseline 0.001 -16"><span class='ocrx_word' id='word_1_71' title='bbox 172 1083 256 1140; x_wconf 86' lang='lat' dir='ltr'>illius</span> <span class='ocrx_word' id='word_1_72' title='bbox 280 1085 408 1152; x_wconf 85' lang='lat' dir='ltr'>exempla</span> <span class='ocrx_word' id='word_1_73' title='bbox 431 1082 579 1151; x_wconf 81' lang='lat' dir='ltr'>adponant</span> <span class='ocrx_word' id='word_1_74' title='bbox 599 1081 636 1136; x_wconf 86' lang='lat' dir='ltr'>ad</span> <span class='ocrx_word' id='word_1_75' title='bbox 659 1081 827 1136; x_wconf 87' lang='lat' dir='ltr'>senteutiam</span> <span class='ocrx_word' id='word_1_76' title='bbox 849 1082 891 1137; x_wconf 90' lang='lat' dir='ltr'>nil</span> <span class='ocrx_word' id='word_1_77' title='bbox 914 1085 1054 1140; x_wconf 85' lang='lat' dir='ltr'>facientia.</span> <span class='ocrx_word' id='word_1_78' title='bbox 1091 1103 1145 1140; x_wconf 91' lang='lat' dir='ltr'>usu</span> <span class='ocrx_word' id='word_1_79' title='bbox 1162 1088 1244 1156; x_wconf 78' lang='lat' dir='ltr'>facile</span> <span class='ocrx_word' id='word_1_80' title='bbox 1263 1103 1328 1141; x_wconf 91' lang='lat' dir='ltr'>con-</span> 
     </span>
     <span class='ocr_line' id='line_1_9' title="bbox 173 1160 1328 1237; baseline 0.001 -17"><span class='ocrx_word' id='word_1_81' title='bbox 173 1165 248 1220; x_wconf 90' lang='lat' dir='ltr'>iecit</span> <span class='ocrx_word' id='word_1_82' title='bbox 271 1164 396 1232; x_wconf 84' lang='lat' dir='ltr'>adeoque</span> <span class='ocrx_word' id='word_1_83' title='bbox 419 1163 449 1216; x_wconf 91' lang='lat' dir='ltr'>in</span> <span class='ocrx_word' id='word_1_84' title='bbox 472 1165 580 1216; x_wconf 86' lang='lat' dir='ltr'>text-um</span> <span class='ocrx_word' id='word_1_85' title='bbox 602 1160 709 1231; x_wconf 89' lang='lat' dir='ltr'>recepit</span> <span class='ocrx_word' id='word_1_86' title='bbox 732 1161 891 1231; x_wconf 75' lang='lat' dir='ltr'>Michaelis3</span> <span class='ocrx_word' id='word_1_87' title='bbox 921 1166 996 1237; x_wconf 89' lang='lat' dir='ltr'>quod</span> <span class='ocrx_word' id='word_1_88' title='bbox 1018 1170 1051 1222; x_wconf 88' lang='lat' dir='ltr'>ut</span> <span class='ocrx_word' id='word_1_89' title='bbox 1073 1183 1139 1221; x_wconf 88' lang='lat' dir='ltr'>sane</span> <span class='ocrx_word' id='word_1_90' title='bbox 1168 1166 1328 1236; x_wconf 82' lang='lat' dir='ltr'>expeditum</span> 
     </span>
     <span class='ocr_line' id='line_1_10' title="bbox 173 1240 1329 1316; baseline 0 -16"><span class='ocrx_word' id='word_1_91' title='bbox 173 1245 220 1300; x_wconf 80' lang='lat' dir='ltr'>ita</span> <span class='ocrx_word' id='word_1_92' title='bbox 238 1240 386 1314; x_wconf 79' lang='lat' dir='ltr'>probabile</span> <span class='ocrx_word' id='word_1_93' title='bbox 410 1257 466 1296; x_wconf 88' lang='lat' dir='ltr'>non</span> <span class='ocrx_word' id='word_1_94' title='bbox 489 1245 539 1295; x_wconf 88' lang='lat' dir='ltr'>est.</span> <span class='ocrx_word' id='word_1_95' title='bbox 577 1258 714 1296; x_wconf 75' lang='lat' dir='ltr'>commemo</span> <span class='ocrx_word' id='word_1_96' title='bbox 736 1245 769 1296; x_wconf 91' lang='lat' dir='ltr'>ut</span> <span class='ocrx_word' id='word_1_97' title='bbox 793 1245 927 1301; x_wconf 78' lang='lat' dir='ltr'>scriberet</span> <span class='ocrx_word' id='word_1_98' title='bbox 945 1247 1071 1316; x_wconf 78' lang='lat' dir='ltr'>Tacitus,</span> <span class='ocrx_word' id='word_1_99' title='bbox 1097 1247 1329 1303; x_wconf 88' lang='lat' dir='ltr'>commendabant</span> 
     </span>
     <span class='ocr_line' id='line_1_11' title="bbox 174 1323 1328 1397; baseline 0 -17"><span class='ocrx_word' id='word_1_100' title='bbox 174 1325 264 1380; x_wconf 89' lang='lat' dir='ltr'>multi</span> <span class='ocrx_word' id='word_1_101' title='bbox 288 1325 346 1379; x_wconf 89' lang='lat' dir='ltr'>eius</span> <span class='ocrx_word' id='word_1_102' title='bbox 370 1323 513 1392; x_wconf 89' lang='lat' dir='ltr'>scriptoris</span> <span class='ocrx_word' id='word_1_103' title='bbox 537 1339 618 1390; x_wconf 92' lang='lat' dir='ltr'>quem</span> <span class='ocrx_word' id='word_1_104' title='bbox 647 1337 714 1392; x_wconf 85' lang='lat' dir='ltr'>prae</span> <span class='ocrx_word' id='word_1_105' title='bbox 737 1326 837 1380; x_wconf 87' lang='lat' dir='ltr'>ceteris</span> <span class='ocrx_word' id='word_1_106' title='bbox 863 1326 912 1382; x_wconf 88' lang='lat' dir='ltr'>illc</span> <span class='ocrx_word' id='word_1_107' title='bbox 939 1327 1065 1397; x_wconf 87' lang='lat' dir='ltr'>sequitur</span> <span class='ocrx_word' id='word_1_108' title='bbox 1091 1327 1160 1393; x_wconf 85' lang='lat' dir='ltr'>loci;</span> <span class='ocrx_word' id='word_1_109' title='bbox 1190 1327 1328 1381; x_wconf 87' lang='lat' dir='ltr'>uidendus</span> 
     </span>
     <span class='ocr_line' id='line_1_12' title="bbox 177 1403 1329 1475; baseline -0.003 -12"><span class='ocrx_word' id='word_1_110' title='bbox 177 1409 278 1464; x_wconf 85' lang='lat' dir='ltr'>Cicero</span> <span class='ocrx_word' id='word_1_111' title='bbox 303 1406 338 1459; x_wconf 90' lang='lat' dir='ltr'>de</span> <span class='ocrx_word' id='word_1_112' title='bbox 362 1422 400 1460; x_wconf 91' lang='lat' dir='ltr'>or.</span> <span class='ocrx_word' id='word_1_113' title='bbox 419 1403 432 1456; x_wconf 95' lang='lat' dir='ltr'>I</span> <span class='ocrx_word' id='word_1_114' title='bbox 457 1409 489 1457; x_wconf 97' lang='grc'>12</span> <span class='ocrx_word' id='word_1_115' title='bbox 509 1405 644 1458; x_wconf 81' lang='lat' dir='ltr'>coeumum&#39;</span> <span class='ocrx_word' id='word_1_116' title='bbox 666 1406 784 1473; x_wconf 87' lang='lat' dir='ltr'>quodum</span> <span class='ocrx_word' id='word_1_117' title='bbox 808 1408 839 1460; x_wconf 86' lang='lat' dir='ltr'>im</span> <span class='ocrx_word' id='word_1_118' title='bbox 858 1423 923 1475; x_wconf 85' lang='lat' dir='ltr'>usu;</span> <span class='ocrx_word' id='word_1_119' title='bbox 948 1408 1029 1462; x_wconf 78' lang='lat'>1165</span> <span class='ocrx_word' id='word_1_120' title='bbox 1052 1409 1084 1462; x_wconf 89' lang='lat' dir='ltr'>de</span> <span class='ocrx_word' id='word_1_121' title='bbox 1102 1410 1164 1462; x_wconf 83' lang='lat' dir='ltr'>istis</span> <span class='ocrx_word' id='word_1_122' title='bbox 1182 1408 1329 1462; x_wconf 87' lang='lat' dir='ltr'>commuui-</span> 
     </span>
     <span class='ocr_line' id='line_1_13' title="bbox 181 1483 1329 1556; baseline -0.003 -13"><span class='ocrx_word' id='word_1_123' title='bbox 181 1491 234 1544; x_wconf 85' lang='lat' dir='ltr'>lms</span> <span class='ocrx_word' id='word_1_124' title='bbox 253 1493 278 1543; x_wconf 89' lang='lat' dir='ltr'>et</span> <span class='ocrx_word' id='word_1_125' title='bbox 293 1485 466 1556; x_wconf 77' lang='lat' dir='ltr'>perunpotis3</span> <span class='ocrx_word' id='word_1_126' title='bbox 492 1483 518 1537; x_wconf 89' lang='grc' dir='ltr'>ΙΙ</span> <span class='ocrx_word' id='word_1_127' title='bbox 542 1489 593 1538; x_wconf 81' lang='lat'>315</span> <span class='ocrx_word' id='word_1_128' title='bbox 617 1486 733 1554; x_wconf 79' lang='lat' dir='ltr'>uulpore</span> <span class='ocrx_word' id='word_1_129' title='bbox 756 1492 780 1540; x_wconf 90' lang='lat' dir='ltr'>et</span> <span class='ocrx_word' id='word_1_130' title='bbox 802 1503 951 1552; x_wconf 79' lang='lat' dir='ltr'>commune3</span> <span class='ocrx_word' id='word_1_131' title='bbox 977 1487 1002 1540; x_wconf 91' lang='lat' dir='ltr'>II</span> <span class='ocrx_word' id='word_1_132' title='bbox 1022 1493 1073 1542; x_wconf 86' lang='grc'>319</span> <span class='ocrx_word' id='word_1_133' title='bbox 1098 1504 1153 1542; x_wconf 89' lang='lat' dir='ltr'>uou</span> <span class='ocrx_word' id='word_1_134' title='bbox 1177 1490 1255 1542; x_wconf 90' lang='lat' dir='ltr'>modo</span> <span class='ocrx_word' id='word_1_135' title='bbox 1273 1503 1329 1540; x_wconf 86' lang='lat' dir='ltr'>mou</span> 
     </span>
     <span class='ocr_line' id='line_1_14' title="bbox 179 1561 959 1636; baseline -0.014 -12"><span class='ocrx_word' id='word_1_136' title='bbox 179 1585 237 1624; x_wconf 81' lang='lat' dir='ltr'>esse</span> <span class='ocrx_word' id='word_1_137' title='bbox 256 1565 410 1622; x_wconf 87' lang='lat' dir='ltr'>commuuio</span> <span class='ocrx_word' id='word_1_138' title='bbox 428 1561 548 1632; x_wconf 81' lang='lat' dir='ltr'>aliaque.</span> <span class='ocrx_word' id='word_1_139' title='bbox 710 1621 719 1636; x_wconf 90' lang='lat'><strong>.</strong></span> <span class='ocrx_word' id='word_1_140' title='bbox 955 1577 959 1586; x_wconf 81' lang='grc'><strong>’</strong></span> 
     </span>
    </p>

    <p class='ocr_par' dir='ltr' id='par_1_4' title="bbox 180 1646 1332 2675">
     <span class='ocr_line' id='line_1_15' title="bbox 256 1646 1330 1718; baseline 0.003 -17"><span class='ocrx_word' id='word_1_141' title='bbox 256 1655 271 1704; x_wconf 79' lang='lat'>‘1</span> <span class='ocrx_word' id='word_1_142' title='bbox 290 1649 391 1717; x_wconf 83' lang='lat' dir='ltr'>idque.</span> <span class='ocrx_word' id='word_1_143' title='bbox 408 1687 413 1698; x_wconf 93' lang='lat'>.</span> <span class='ocrx_word' id='word_1_144' title='bbox 429 1685 436 1700; x_wconf 88' lang='lat'>.</span> <span class='ocrx_word' id='word_1_145' title='bbox 452 1646 555 1699; x_wconf 77' lang='lat' dir='ltr'>‚etium</span> <span class='ocrx_word' id='word_1_146' title='bbox 569 1647 693 1714; x_wconf 84' lang='lat' dir='ltr'>populus</span> <span class='ocrx_word' id='word_1_147' title='bbox 711 1647 844 1716; x_wconf 79' lang='lat' dir='ltr'>iuteiiepit</span> <span class='ocrx_word' id='word_1_148' title='bbox 862 1664 895 1702; x_wconf 89' lang='lat' dir='ltr'>oc</span> <span class='ocrx_word' id='word_1_149' title='bbox 915 1648 1008 1701; x_wconf 86' lang='lat' dir='ltr'>statim</span> <span class='ocrx_word' id='word_1_150' title='bbox 1032 1648 1073 1701; x_wconf 86' lang='lat' dir='ltr'>itd</span> <span class='ocrx_word' id='word_1_151' title='bbox 1093 1648 1174 1702; x_wconf 87' lang='lat' dir='ltr'>laude</span> <span class='ocrx_word' id='word_1_152' title='bbox 1191 1650 1330 1718; x_wconf 85' lang='lat' dir='ltr'>prosequi·</span> 
     </span>
     <span class='ocr_line' id='line_1_16' title="bbox 180 1726 1330 1797; baseline -0.003 -11"><span class='ocrx_word' id='word_1_153' title='bbox 180 1737 242 1797; x_wconf 86' lang='lat' dir='ltr'>tur,</span> <span class='ocrx_word' id='word_1_154' title='bbox 265 1734 297 1783; x_wconf 91' lang='lat' dir='ltr'>ut</span> <span class='ocrx_word' id='word_1_155' title='bbox 320 1727 435 1797; x_wconf 76' lang='lat' dir='ltr'>tepitime</span> <span class='ocrx_word' id='word_1_156' title='bbox 458 1726 615 1780; x_wconf 88' lang='lat' dir='ltr'>studuisse.</span> <span class='ocrx_word' id='word_1_157' title='bbox 632 1770 637 1782; x_wconf 90' lang='lat'><em>.</em></span> <span class='ocrx_word' id='word_1_158' title='bbox 654 1731 729 1781; x_wconf 90' lang='lat' dir='ltr'>..ut</span> <span class='ocrx_word' id='word_1_159' title='bbox 752 1728 866 1796; x_wconf 84' lang='lat' dir='ltr'>demique</span> <span class='ocrx_word' id='word_1_160' title='bbox 884 1734 1018 1783; x_wconf 83' lang='lat' dir='ltr'>oratorem</span> <span class='ocrx_word' id='word_1_161' title='bbox 1036 1745 1090 1783; x_wconf 89' lang='lat' dir='ltr'>esse</span> <span class='ocrx_word' id='word_1_162' title='bbox 1114 1730 1245 1795; x_wconf 77' lang='lat' dir='ltr'>fatentur.</span> <span class='ocrx_word' id='word_1_163' title='bbox 1283 1730 1330 1784; x_wconf 89' lang='lat' dir='ltr'>de-</span> 
     </span>
     <span class='ocr_line' id='line_1_17' title="bbox 185 1805 1329 1877; baseline 0.002 -13"><span class='ocrx_word' id='word_1_164' title='bbox 185 1811 277 1864; x_wconf 90' lang='lat' dir='ltr'>sidero</span> <span class='ocrx_word' id='word_1_165' title='bbox 301 1806 384 1862; x_wconf 88' lang='lat' dir='ltr'>huius</span> <span class='ocrx_word' id='word_1_166' title='bbox 409 1805 546 1859; x_wconf 88' lang='lat' dir='ltr'>enuntiati</span> <span class='ocrx_word' id='word_1_167' title='bbox 565 1805 681 1875; x_wconf 76' lang='lat' dir='ltr'>lepitime</span> <span class='ocrx_word' id='word_1_168' title='bbox 700 1837 733 1845; x_wconf 93' lang='lat'><em>-</em></span> <span class='ocrx_word' id='word_1_169' title='bbox 753 1813 887 1862; x_wconf 83' lang='lat' dir='ltr'>oratorem</span> <span class='ocrx_word' id='word_1_170' title='bbox 906 1825 960 1863; x_wconf 87' lang='lat' dir='ltr'>esse</span> <span class='ocrx_word' id='word_1_171' title='bbox 979 1808 1143 1864; x_wconf 89' lang='lat' dir='ltr'>subiectum.</span> <span class='ocrx_word' id='word_1_172' title='bbox 1176 1811 1252 1877; x_wconf 92' lang='lat' dir='ltr'>qnod</span> <span class='ocrx_word' id='word_1_173' title='bbox 1271 1812 1329 1866; x_wconf 89' lang='lat' dir='ltr'>ubi·</span> 
     </span>
     <span class='ocr_line' id='line_1_18' title="bbox 181 1883 1329 1958; baseline 0 -14"><span class='ocrx_word' id='word_1_174' title='bbox 181 1903 301 1958; x_wconf 89' lang='lat' dir='ltr'>cumque</span> <span class='ocrx_word' id='word_1_175' title='bbox 327 1883 478 1953; x_wconf 89' lang='lat' dir='ltr'>omittitur,</span> <span class='ocrx_word' id='word_1_176' title='bbox 501 1883 585 1938; x_wconf 85' lang='lat' dir='ltr'>facile</span> <span class='ocrx_word' id='word_1_177' title='bbox 609 1901 643 1938; x_wconf 86' lang='lat' dir='ltr'>ex</span> <span class='ocrx_word' id='word_1_178' title='bbox 664 1884 725 1954; x_wconf 91' lang='lat' dir='ltr'>ipso</span> <span class='ocrx_word' id='word_1_179' title='bbox 749 1886 810 1940; x_wconf 90' lang='lat' dir='ltr'>loco</span> <span class='ocrx_word' id='word_1_180' title='bbox 834 1886 1037 1957; x_wconf 85' lang='lat' dir='ltr'>suppeditatur.</span> <span class='ocrx_word' id='word_1_181' title='bbox 1080 1888 1126 1943; x_wconf 93' lang='lat' dir='ltr'>hic</span> <span class='ocrx_word' id='word_1_182' title='bbox 1146 1892 1240 1944; x_wconf 88' lang='lat' dir='ltr'>autem</span> <span class='ocrx_word' id='word_1_183' title='bbox 1260 1889 1329 1944; x_wconf 90' lang='lat' dir='ltr'>nibil</span> 
     </span>
     <span class='ocr_line' id='line_1_19' title="bbox 181 1964 1329 2039; baseline 0 -15"><span class='ocrx_word' id='word_1_184' title='bbox 181 1967 327 2039; x_wconf 85' lang='lat' dir='ltr'>praecedit</span> <span class='ocrx_word' id='word_1_185' title='bbox 351 1964 405 2019; x_wconf 90' lang='lat' dir='ltr'>nisi</span> <span class='ocrx_word' id='word_1_186' title='bbox 427 1965 543 2018; x_wconf 76' lang='lat' dir='ltr'>smeutio</span> <span class='ocrx_word' id='word_1_187' title='bbox 565 1965 645 2018; x_wconf 86' lang='lat' dir='ltr'>etiam</span> <span class='ocrx_word' id='word_1_188' title='bbox 669 1967 748 2021; x_wconf 84' lang='lat' dir='ltr'>atiud</span> <span class='ocrx_word' id='word_1_189' title='bbox 772 1974 880 2037; x_wconf 83' lang='lat' dir='ltr'>upemtes</span> <span class='ocrx_word' id='word_1_190' title='bbox 902 1984 952 2024; x_wconf 88' lang='lat' dir='ltr'>uos</span> <span class='ocrx_word' id='word_1_191' title='bbox 975 1973 1070 2034; x_wconf 83' lang='lat' dir='ltr'>ornat,</span> <span class='ocrx_word' id='word_1_192' title='bbox 1093 1969 1167 2023; x_wconf 90' lang='lat' dir='ltr'>unde</span> <span class='ocrx_word' id='word_1_193' title='bbox 1189 1987 1245 2024; x_wconf 88' lang='lat' dir='ltr'>non</span> <span class='ocrx_word' id='word_1_194' title='bbox 1268 1987 1329 2039; x_wconf 91' lang='lat' dir='ltr'>pro-</span> 
     </span>
     <span class='ocr_line' id='line_1_20' title="bbox 181 2043 1329 2115; baseline -0.001 -13"><span class='ocrx_word' id='word_1_195' title='bbox 181 2049 289 2104; x_wconf 86' lang='lat' dir='ltr'>ficimus</span> <span class='ocrx_word' id='word_1_196' title='bbox 313 2046 411 2101; x_wconf 87' lang='lat' dir='ltr'>hilum.</span> <span class='ocrx_word' id='word_1_197' title='bbox 452 2045 554 2112; x_wconf 90' lang='lat' dir='ltr'>immo,</span> <span class='ocrx_word' id='word_1_198' title='bbox 579 2061 650 2112; x_wconf 87' lang='lat' dir='ltr'>quae</span> <span class='ocrx_word' id='word_1_199' title='bbox 673 2047 717 2101; x_wconf 87' lang='lat' dir='ltr'>est</span> <span class='ocrx_word' id='word_1_200' title='bbox 745 2043 852 2100; x_wconf 86' lang='lat' dir='ltr'>fatendi</span> <span class='ocrx_word' id='word_1_201' title='bbox 882 2049 969 2103; x_wconf 88' lang='lat' dir='ltr'>uerbo</span> <span class='ocrx_word' id='word_1_202' title='bbox 998 2047 1176 2103; x_wconf 89' lang='lat' dir='ltr'>construendi</span> <span class='ocrx_word' id='word_1_203' title='bbox 1201 2049 1329 2115; x_wconf 82' lang='lat' dir='ltr'>facultas,</span> 
     </span>
     <span class='ocr_line' id='line_1_21' title="bbox 182 2123 1331 2198; baseline -0.002 -15"><span class='ocrx_word' id='word_1_204' title='bbox 182 2127 278 2183; x_wconf 86' lang='lat' dir='ltr'>latinis</span> <span class='ocrx_word' id='word_1_205' title='bbox 297 2125 410 2180; x_wconf 84' lang='lat' dir='ltr'>auribus</span> <span class='ocrx_word' id='word_1_206' title='bbox 435 2124 522 2178; x_wconf 90' lang='lat' dir='ltr'>uerba</span> <span class='ocrx_word' id='word_1_207' title='bbox 544 2123 595 2177; x_wconf 85' lang='lat' dir='ltr'>illa</span> <span class='ocrx_word' id='word_1_208' title='bbox 617 2125 671 2180; x_wconf 89' lang='lat' dir='ltr'>hoc</span> <span class='ocrx_word' id='word_1_209' title='bbox 694 2128 847 2181; x_wconf 89' lang='lat' dir='ltr'>sonuerunt</span> <span class='ocrx_word' id='word_1_210' title='bbox 869 2131 901 2182; x_wconf 90' lang='lat' dir='ltr'>ut</span> <span class='ocrx_word' id='word_1_211' title='bbox 925 2128 1054 2196; x_wconf 87' lang='lat' dir='ltr'>suppleto</span> <span class='ocrx_word' id='word_1_212' title='bbox 1077 2145 1104 2181; x_wconf 89' lang='lat' dir='ltr'>se</span> <span class='ocrx_word' id='word_1_213' title='bbox 1124 2128 1182 2181; x_wconf 90' lang='lat' dir='ltr'>iam</span> <span class='ocrx_word' id='word_1_214' title='bbox 1201 2129 1262 2198; x_wconf 91' lang='lat' dir='ltr'>ipse</span> <span class='ocrx_word' id='word_1_215' title='bbox 1282 2144 1331 2198; x_wconf 92' lang='lat' dir='ltr'>po-</span> 
     </span>
     <span class='ocr_line' id='line_1_22' title="bbox 184 2203 1332 2277; baseline 0.001 -17"><span class='ocrx_word' id='word_1_216' title='bbox 184 2208 265 2277; x_wconf 91' lang='lat' dir='ltr'>pulus</span> <span class='ocrx_word' id='word_1_217' title='bbox 285 2204 418 2260; x_wconf 84' lang='lat' dir='ltr'>existeret</span> <span class='ocrx_word' id='word_1_218' title='bbox 436 2204 600 2259; x_wconf 89' lang='lat' dir='ltr'>subiectum.</span> <span class='ocrx_word' id='word_1_219' title='bbox 639 2203 804 2260; x_wconf 89' lang='lat' dir='ltr'>coniecturis</span> <span class='ocrx_word' id='word_1_220' title='bbox 828 2207 917 2276; x_wconf 85' lang='lat' dir='ltr'>igitur</span> <span class='ocrx_word' id='word_1_221' title='bbox 938 2207 1020 2261; x_wconf 85' lang='lat' dir='ltr'>fectis</span> <span class='ocrx_word' id='word_1_222' title='bbox 1039 2206 1284 2262; x_wconf 85' lang='lat' dir='ltr'>Schnrzfleischius</span> <span class='ocrx_word' id='word_1_223' title='bbox 1303 2210 1332 2262; x_wconf 89' lang='lat' dir='ltr'>et</span> 
     </span>
     <span class='ocr_line' id='line_1_23' title="bbox 184 2284 1330 2354; baseline -0.001 -13"><span class='ocrx_word' id='word_1_224' title='bbox 184 2287 308 2341; x_wconf 84' lang='lat' dir='ltr'>Ritterus</span> <span class='ocrx_word' id='word_1_225' title='bbox 332 2301 393 2338; x_wconf 87' lang='lat' dir='ltr'>eum</span> <span class='ocrx_word' id='word_1_226' title='bbox 416 2284 570 2350; x_wconf 85' lang='lat' dir='ltr'>addebant;</span> <span class='ocrx_word' id='word_1_227' title='bbox 595 2284 643 2338; x_wconf 89' lang='lat' dir='ltr'>sed</span> <span class='ocrx_word' id='word_1_228' title='bbox 667 2299 701 2338; x_wconf 91' lang='lat' dir='ltr'>ne</span> <span class='ocrx_word' id='word_1_229' title='bbox 723 2285 753 2337; x_wconf 90' lang='lat' dir='ltr'>id</span> <span class='ocrx_word' id='word_1_230' title='bbox 777 2286 889 2354; x_wconf 88' lang='lat' dir='ltr'>quidem</span> <span class='ocrx_word' id='word_1_231' title='bbox 918 2302 972 2354; x_wconf 91' lang='lat' dir='ltr'>quo</span> <span class='ocrx_word' id='word_1_232' title='bbox 996 2285 1055 2340; x_wconf 90' lang='lat' dir='ltr'>iure</span> <span class='ocrx_word' id='word_1_233' title='bbox 1078 2286 1214 2340; x_wconf 83' lang='lat' dir='ltr'>referatur</span> <span class='ocrx_word' id='word_1_234' title='bbox 1237 2286 1330 2342; x_wconf 86' lang='lat' dir='ltr'>habet.</span> 
     </span>
     <span class='ocr_line' id='line_1_24' title="bbox 183 2364 1332 2436; baseline 0 -16"><span class='ocrx_word' id='word_1_235' title='bbox 183 2365 314 2436; x_wconf 85' lang='lat' dir='ltr'>quocirca</span> <span class='ocrx_word' id='word_1_236' title='bbox 334 2380 367 2418; x_wconf 90' lang='lat' dir='ltr'>eo</span> <span class='ocrx_word' id='word_1_237' title='bbox 388 2365 462 2433; x_wconf 90' lang='lat' dir='ltr'>quod</span> <span class='ocrx_word' id='word_1_238' title='bbox 487 2370 506 2418; x_wconf 91' lang='lat'>0</span> <span class='ocrx_word' id='word_1_239' title='bbox 530 2364 647 2434; x_wconf 85' lang='lat' dir='ltr'>praebet</span> <span class='ocrx_word' id='word_1_240' title='bbox 665 2369 715 2418; x_wconf 90' lang='lat' dir='ltr'>uut</span> <span class='ocrx_word' id='word_1_241' title='bbox 735 2365 852 2433; x_wconf 83' lang='lat' dir='ltr'>lepitime</span> <span class='ocrx_word' id='word_1_242' title='bbox 868 2366 911 2421; x_wconf 86' lang='lat' dir='ltr'>ita</span> <span class='ocrx_word' id='word_1_243' title='bbox 928 2364 1016 2420; x_wconf 88' lang='lat' dir='ltr'>malui</span> <span class='ocrx_word' id='word_1_244' title='bbox 1034 2365 1090 2435; x_wconf 88' lang='lat' dir='ltr'>nti,</span> <span class='ocrx_word' id='word_1_245' title='bbox 1108 2366 1187 2420; x_wconf 89' lang='lat' dir='ltr'>utin</span> <span class='ocrx_word' id='word_1_246' title='bbox 1206 2366 1332 2421; x_wconf 87' lang='lat' dir='ltr'>litterula</span> 
     </span>
     <span class='ocr_line' id='line_1_25' title="bbox 185 2444 1332 2516; baseline 0.002 -16"><span class='ocrx_word' id='word_1_247' title='bbox 185 2465 202 2500; x_wconf 90' lang='grc' dir='ltr'><em>α</em></span> <span class='ocrx_word' id='word_1_248' title='bbox 221 2460 403 2516; x_wconf 86' lang='lat' dir='ltr'>agnoscerem</span> <span class='ocrx_word' id='word_1_249' title='bbox 421 2444 573 2514; x_wconf 85' lang='lat' dir='ltr'>uestigium</span> <span class='ocrx_word' id='word_1_250' title='bbox 597 2445 674 2498; x_wconf 88' lang='lat' dir='ltr'>uocis</span> <span class='ocrx_word' id='word_1_251' title='bbox 698 2450 821 2500; x_wconf 84' lang='lat' dir='ltr'>actorem.</span> <span class='ocrx_word' id='word_1_252' title='bbox 865 2463 936 2516; x_wconf 87' lang='lat' dir='ltr'>quae</span> <span class='ocrx_word' id='word_1_253' title='bbox 959 2449 988 2501; x_wconf 93' lang='lat' dir='ltr'>et</span> <span class='ocrx_word' id='word_1_254' title='bbox 1012 2463 1029 2501; x_wconf 91' lang='lat' dir='ltr'>a</span> <span class='ocrx_word' id='word_1_255' title='bbox 1052 2446 1236 2502; x_wconf 85' lang='lat' dir='ltr'>collocatione</span> <span class='ocrx_word' id='word_1_256' title='bbox 1261 2449 1290 2502; x_wconf 93' lang='lat' dir='ltr'>et</span> <span class='ocrx_word' id='word_1_257' title='bbox 1315 2465 1332 2502; x_wconf 88' lang='lat' dir='ltr'>a</span> 
     </span>
     <span class='ocr_line' id='line_1_26' title="bbox 186 2524 1331 2598; baseline 0 -17"><span class='ocrx_word' id='word_1_258' title='bbox 186 2545 267 2583; x_wconf 91' lang='lat' dir='ltr'>sensu</span> <span class='ocrx_word' id='word_1_259' title='bbox 296 2527 373 2594; x_wconf 89' lang='lat' dir='ltr'>(nam</span> <span class='ocrx_word' id='word_1_260' title='bbox 395 2525 489 2581; x_wconf 88' lang='lat' dir='ltr'>medio</span> <span class='ocrx_word' id='word_1_261' title='bbox 513 2526 635 2595; x_wconf 89' lang='lat' dir='ltr'>quodam</span> <span class='ocrx_word' id='word_1_262' title='bbox 658 2524 796 2580; x_wconf 89' lang='lat' dir='ltr'>uocabulo</span> <span class='ocrx_word' id='word_1_263' title='bbox 820 2525 865 2581; x_wconf 91' lang='lat' dir='ltr'>bic</span> <span class='ocrx_word' id='word_1_264' title='bbox 892 2544 1019 2598; x_wconf 78' lang='lat' dir='ltr'>egemus3</span> <span class='ocrx_word' id='word_1_265' title='bbox 1043 2528 1166 2582; x_wconf 88' lang='lat' dir='ltr'>ceterum</span> <span class='ocrx_word' id='word_1_266' title='bbox 1192 2525 1225 2581; x_wconf 88' lang='lat' dir='ltr'>cf.</span> <span class='ocrx_word' id='word_1_267' title='bbox 1250 2544 1273 2584; x_wconf 92' lang='lat' dir='ltr'>c.</span> <span class='ocrx_word' id='word_1_268' title='bbox 1297 2533 1331 2581; x_wconf 84' lang='grc'>26</span> 
     </span>
     <span class='ocr_line' id='line_1_27' title="bbox 184 2603 1043 2675; baseline 0 -15"><span class='ocrx_word' id='word_1_269' title='bbox 184 2613 340 2662; x_wconf 82' lang='lat' dir='ltr'>uestrorum</span> <span class='ocrx_word' id='word_1_270' title='bbox 358 2611 507 2675; x_wconf 84' lang='lat' dir='ltr'>temporum</span> <span class='ocrx_word' id='word_1_271' title='bbox 526 2607 640 2673; x_wconf 77' lang='lat' dir='ltr'>potores)</span> <span class='ocrx_word' id='word_1_272' title='bbox 660 2603 771 2675; x_wconf 77' lang='lat' dir='ltr'>egregie</span> <span class='ocrx_word' id='word_1_273' title='bbox 791 2606 910 2674; x_wconf 84' lang='lat' dir='ltr'>quadrat</span> <span class='ocrx_word' id='word_1_274' title='bbox 927 2609 957 2661; x_wconf 93' lang='lat' dir='ltr'>in</span> <span class='ocrx_word' id='word_1_275' title='bbox 975 2624 1043 2662; x_wconf 87' lang='lat' dir='ltr'>rem.</span> 
     </span>
    </p>

    <p class='ocr_par' dir='ltr' id='par_1_5' title="bbox 184 2685 1334 3158">
     <span class='ocr_line' id='line_1_28' title="bbox 257 2685 1333 2756; baseline 0.004 -18"><span class='ocrx_word' id='word_1_276' title='bbox 257 2690 289 2738; x_wconf 91' lang='lat'>11</span> <span class='ocrx_word' id='word_1_277' title='bbox 313 2701 389 2754; x_wconf 82' lang='lat' dir='ltr'>quem</span> <span class='ocrx_word' id='word_1_278' title='bbox 411 2701 469 2740; x_wconf 87' lang='lat' dir='ltr'>mou</span> <span class='ocrx_word' id='word_1_279' title='bbox 492 2701 572 2754; x_wconf 88' lang='lat' dir='ltr'>posse</span> <span class='ocrx_word' id='word_1_280' title='bbox 594 2685 675 2739; x_wconf 82' lang='lat' dir='ltr'>aliter</span> <span class='ocrx_word' id='word_1_281' title='bbox 697 2685 809 2740; x_wconf 76' lang='lat' dir='ltr'>mistero</span> <span class='ocrx_word' id='word_1_282' title='bbox 832 2703 880 2741; x_wconf 88' lang='lat' dir='ltr'>uec</span> <span class='ocrx_word' id='word_1_283' title='bbox 903 2689 1022 2742; x_wconf 82' lang='lat' dir='ltr'>eutitisse</span> <span class='ocrx_word' id='word_1_284' title='bbox 1049 2704 1177 2756; x_wconf 81' lang='lat' dir='ltr'>umquem</span> <span class='ocrx_word' id='word_1_285' title='bbox 1205 2689 1333 2756; x_wconf 70' lang='lat' dir='ltr'>confirmo</span> 
     </span>
     <span class='ocr_line' id='line_1_29' title="bbox 184 2763 1333 2837; baseline 0.002 -17"><span class='ocrx_word' id='word_1_286' title='bbox 184 2768 241 2820; x_wconf 86' lang='lat' dir='ltr'>misi</span> <span class='ocrx_word' id='word_1_287' title='bbox 259 2783 318 2820; x_wconf 89' lang='lat' dir='ltr'>eum</span> <span class='ocrx_word' id='word_1_288' title='bbox 342 2767 398 2836; x_wconf 82' lang='lat' dir='ltr'>qui.</span> <span class='ocrx_word' id='word_1_289' title='bbox 440 2766 562 2836; x_wconf 87' lang='lat' dir='ltr'>perbene</span> <span class='ocrx_word' id='word_1_290' title='bbox 581 2763 654 2818; x_wconf 89' lang='lat' dir='ltr'>uidit</span> <span class='ocrx_word' id='word_1_291' title='bbox 671 2764 845 2820; x_wconf 83' lang='lat' dir='ltr'>Andresenus</span> <span class='ocrx_word' id='word_1_292' title='bbox 865 2767 904 2837; x_wconf 89' lang='lat' dir='ltr'>[p.</span> <span class='ocrx_word' id='word_1_293' title='bbox 925 2767 1001 2837; x_wconf 85' lang='grc'><strong>124],</strong></span> <span class='ocrx_word' id='word_1_294' title='bbox 1024 2765 1092 2836; x_wconf 91' lang='lat' dir='ltr'>quid</span> <span class='ocrx_word' id='word_1_295' title='bbox 1111 2770 1239 2836; x_wconf 88' lang='lat' dir='ltr'>posceret</span> <span class='ocrx_word' id='word_1_296' title='bbox 1258 2769 1333 2822; x_wconf 87' lang='lat' dir='ltr'>recte</span> 
     </span>
     <span class='ocr_line' id='line_1_30' title="bbox 187 2839 1333 2917; baseline -0.003 -15"><span class='ocrx_word' id='word_1_297' title='bbox 187 2845 331 2917; x_wconf 83' lang='lat' dir='ltr'>cogitandi</span> <span class='ocrx_word' id='word_1_298' title='bbox 350 2847 544 2914; x_wconf 89' lang='lat' dir='ltr'>scribendique</span> <span class='ocrx_word' id='word_1_299' title='bbox 558 2859 667 2900; x_wconf 86' lang='lat' dir='ltr'>norma:</span> <span class='ocrx_word' id='word_1_300' title='bbox 696 2847 828 2911; x_wconf 90' lang='lat' dir='ltr'>sequente</span> <span class='ocrx_word' id='word_1_301' title='bbox 842 2839 977 2900; x_wconf 74' lang='lat' dir='ltr'>misc‘eum</span> <span class='ocrx_word' id='word_1_302' title='bbox 995 2863 1051 2900; x_wconf 90' lang='lat' dir='ltr'>non</span> <span class='ocrx_word' id='word_1_303' title='bbox 1068 2846 1163 2916; x_wconf 90' lang='lat' dir='ltr'>potuit</span> <span class='ocrx_word' id='word_1_304' title='bbox 1180 2864 1236 2900; x_wconf 89' lang='lat' dir='ltr'>non</span> <span class='ocrx_word' id='word_1_305' title='bbox 1253 2862 1333 2915; x_wconf 90' lang='lat' dir='ltr'>prae-</span> 
     </span>
     <span class='ocr_line' id='line_1_31' title="bbox 186 2924 1334 2996; baseline -0.002 -16"><span class='ocrx_word' id='word_1_306' title='bbox 186 2927 283 2980; x_wconf 89' lang='lat' dir='ltr'>cedere</span> <span class='ocrx_word' id='word_1_307' title='bbox 310 2927 410 2995; x_wconf 79' lang='lat' dir='ltr'>olium3</span> <span class='ocrx_word' id='word_1_308' title='bbox 435 2925 619 2996; x_wconf 85' lang='lat' dir='ltr'>praecedente</span> <span class='ocrx_word' id='word_1_309' title='bbox 644 2925 725 2978; x_wconf 84' lang='lat' dir='ltr'>aliter</span> <span class='ocrx_word' id='word_1_310' title='bbox 747 2924 826 2992; x_wconf 88' lang='lat' dir='ltr'>sequi</span> <span class='ocrx_word' id='word_1_311' title='bbox 845 2925 943 2979; x_wconf 90' lang='lat' dir='ltr'>debuit</span> <span class='ocrx_word' id='word_1_312' title='bbox 961 2926 1018 2978; x_wconf 85' lang='lat' dir='ltr'>misi</span> <span class='ocrx_word' id='word_1_313' title='bbox 1041 2926 1082 2978; x_wconf 82' lang='lat' dir='ltr'>‘ito</span> <span class='ocrx_word' id='word_1_314' title='bbox 1107 2929 1145 2979; x_wconf 91' lang='lat' dir='ltr'>ut.</span> <span class='ocrx_word' id='word_1_315' title='bbox 1183 2924 1334 2980; x_wconf 90' lang='lat' dir='ltr'>uiolentior</span> 
     </span>
     <span class='ocr_line' id='line_1_32' title="bbox 187 3003 1333 3080; baseline -0.001 -20"><span class='ocrx_word' id='word_1_316' title='bbox 187 3011 281 3061; x_wconf 87' lang='lat' dir='ltr'>autem</span> <span class='ocrx_word' id='word_1_317' title='bbox 305 3006 426 3062; x_wconf 89' lang='lat' dir='ltr'>mutatio</span> <span class='ocrx_word' id='word_1_318' title='bbox 450 3008 509 3062; x_wconf 89' lang='lat' dir='ltr'>eius</span> <span class='ocrx_word' id='word_1_319' title='bbox 532 3005 646 3060; x_wconf 88' lang='lat' dir='ltr'>uidetur</span> <span class='ocrx_word' id='word_1_320' title='bbox 669 3020 751 3073; x_wconf 90' lang='lat' dir='ltr'>quam</span> <span class='ocrx_word' id='word_1_321' title='bbox 775 3007 830 3060; x_wconf 88' lang='lat' dir='ltr'>est:</span> <span class='ocrx_word' id='word_1_322' title='bbox 859 3007 916 3080; x_wconf 60' lang='lat' dir='ltr'>ote}</span> <span class='ocrx_word' id='word_1_323' title='bbox 939 3021 990 3074; x_wconf 91' lang='lat' dir='ltr'>pro</span> <span class='ocrx_word' id='word_1_324' title='bbox 1016 3006 1077 3059; x_wconf 77' lang='lat' dir='ltr'>olid</span> <span class='ocrx_word' id='word_1_325' title='bbox 1105 3003 1177 3074; x_wconf 83' lang='lat' dir='ltr'>legit</span> <span class='ocrx_word' id='word_1_326' title='bbox 1203 3004 1333 3059; x_wconf 86' lang='lat' dir='ltr'>librarius</span> 
     </span>
     <span class='ocr_line' id='line_1_33' title="bbox 185 3084 1119 3158; baseline -0.003 -18"><span class='ocrx_word' id='word_1_327' title='bbox 185 3087 258 3140; x_wconf 90' lang='lat' dir='ltr'>illud</span> <span class='ocrx_word' id='word_1_328' title='bbox 277 3088 359 3142; x_wconf 83' lang='lat' dir='ltr'>aliter</span> <span class='ocrx_word' id='word_1_329' title='bbox 376 3089 460 3158; x_wconf 87' lang='lat' dir='ltr'>paulo</span> <span class='ocrx_word' id='word_1_330' title='bbox 480 3090 544 3141; x_wconf 85' lang='lat' dir='ltr'>ante</span> <span class='ocrx_word' id='word_1_331' title='bbox 564 3086 607 3140; x_wconf 90' lang='lat' dir='ltr'>bis</span> <span class='ocrx_word' id='word_1_332' title='bbox 625 3085 749 3155; x_wconf 88' lang='lat' dir='ltr'>positum</span> <span class='ocrx_word' id='word_1_333' title='bbox 769 3085 841 3139; x_wconf 85' lang='lat' dir='ltr'>male</span> <span class='ocrx_word' id='word_1_334' title='bbox 860 3089 957 3141; x_wconf 92' lang='lat' dir='ltr'>tenens</span> <span class='ocrx_word' id='word_1_335' title='bbox 977 3084 1119 3140; x_wconf 88' lang='lat' dir='ltr'>memoria.</span> 
     </span>
    </p>

    <p class='ocr_par' dir='ltr' id='par_1_6' title="bbox 185 3165 1337 4277">
     <span class='ocr_line' id='line_1_34' title="bbox 261 3165 1335 3240; baseline -0.003 -19"><span class='ocrx_word' id='word_1_336' title='bbox 261 3173 292 3222; x_wconf 83' lang='lat'>12</span> <span class='ocrx_word' id='word_1_337' title='bbox 322 3175 459 3240; x_wconf 83' lang='lat' dir='ltr'>tamquam</span> <span class='ocrx_word' id='word_1_338' title='bbox 487 3171 519 3223; x_wconf 84' lang='lat' dir='ltr'>im</span> <span class='ocrx_word' id='word_1_339' title='bbox 547 3169 632 3222; x_wconf 88' lang='lat' dir='ltr'>aciem</span> <span class='ocrx_word' id='word_1_340' title='bbox 659 3165 785 3220; x_wconf 81' lang='lat' dir='ltr'>omuibus</span> <span class='ocrx_word' id='word_1_341' title='bbox 812 3168 897 3220; x_wconf 81' lang='lat' dir='ltr'>armis</span> <span class='ocrx_word' id='word_1_342' title='bbox 925 3168 1090 3231; x_wconf 82' lang='lat' dir='ltr'>instructus,</span> <span class='ocrx_word' id='word_1_343' title='bbox 1117 3165 1156 3219; x_wconf 88' lang='lat' dir='ltr'>sie</span> <span class='ocrx_word' id='word_1_344' title='bbox 1186 3166 1217 3219; x_wconf 87' lang='lat' dir='ltr'>im</span> <span class='ocrx_word' id='word_1_345' title='bbox 1244 3168 1335 3232; x_wconf 82' lang='lat' dir='ltr'>forum</span> 
     </span>
     <span class='ocr_line' id='line_1_35' title="bbox 185 3245 1335 3316; baseline -0.004 -13"><span class='ocrx_word' id='word_1_346' title='bbox 185 3250 311 3304; x_wconf 83' lang='lat' dir='ltr'>omuibus</span> <span class='ocrx_word' id='word_1_347' title='bbox 339 3251 446 3304; x_wconf 76' lang='lat' dir='ltr'>artibus</span> <span class='ocrx_word' id='word_1_348' title='bbox 474 3254 597 3304; x_wconf 80' lang='lat' dir='ltr'>armatus</span> <span class='ocrx_word' id='word_1_349' title='bbox 626 3245 730 3300; x_wconf 79' lang='lat' dir='ltr'>exierit.</span> <span class='ocrx_word' id='word_1_350' title='bbox 773 3262 827 3299; x_wconf 91' lang='lat' dir='ltr'>non</span> <span class='ocrx_word' id='word_1_351' title='bbox 855 3245 943 3316; x_wconf 89' lang='lat' dir='ltr'>probo</span> <span class='ocrx_word' id='word_1_352' title='bbox 972 3247 1079 3300; x_wconf 81' lang='lat' dir='ltr'>artibus</span> <span class='ocrx_word' id='word_1_353' title='bbox 1106 3251 1236 3300; x_wconf 82' lang='lat' dir='ltr'>armatus.</span> <span class='ocrx_word' id='word_1_354' title='bbox 1283 3260 1335 3299; x_wconf 82' lang='lat' dir='ltr'>nec</span> 
     </span>
     <span class='ocr_line' id='line_1_36' title="bbox 186 3325 1335 3398; baseline -0.005 -14"><span class='ocrx_word' id='word_1_355' title='bbox 186 3328 260 3384; x_wconf 87' lang='lat' dir='ltr'>enim</span> <span class='ocrx_word' id='word_1_356' title='bbox 285 3329 494 3385; x_wconf 87' lang='lat' dir='ltr'>demonstratur</span> <span class='ocrx_word' id='word_1_357' title='bbox 518 3329 566 3398; x_wconf 90' lang='lat' dir='ltr'>qui</span> <span class='ocrx_word' id='word_1_358' title='bbox 590 3327 627 3382; x_wconf 87' lang='lat' dir='ltr'>sit</span> <span class='ocrx_word' id='word_1_359' title='bbox 650 3325 752 3380; x_wconf 88' lang='lat' dir='ltr'>artium</span> <span class='ocrx_word' id='word_1_360' title='bbox 775 3344 842 3380; x_wconf 88' lang='lat' dir='ltr'>usus</span> <span class='ocrx_word' id='word_1_361' title='bbox 868 3327 904 3382; x_wconf 89' lang='lat' dir='ltr'>ad</span> <span class='ocrx_word' id='word_1_362' title='bbox 933 3327 1107 3382; x_wconf 84' lang='lat' dir='ltr'>aduersarios</span> <span class='ocrx_word' id='word_1_363' title='bbox 1135 3325 1194 3382; x_wconf 88' lang='lat' dir='ltr'>siue</span> <span class='ocrx_word' id='word_1_364' title='bbox 1221 3326 1335 3396; x_wconf 91' lang='lat' dir='ltr'>propul-</span> 
     </span>
     <span class='ocr_line' id='line_1_37' title="bbox 187 3406 1335 3476; baseline -0.003 -14"><span class='ocrx_word' id='word_1_365' title='bbox 187 3408 288 3464; x_wconf 87' lang='lat' dir='ltr'>sandos</span> <span class='ocrx_word' id='word_1_366' title='bbox 317 3410 376 3465; x_wconf 87' lang='lat' dir='ltr'>siue</span> <span class='ocrx_word' id='word_1_367' title='bbox 402 3409 581 3464; x_wconf 86' lang='lat' dir='ltr'>incessendos</span> <span class='ocrx_word' id='word_1_368' title='bbox 610 3406 655 3475; x_wconf 85' lang='lat' dir='ltr'>(cl.</span> <span class='ocrx_word' id='word_1_369' title='bbox 681 3424 702 3459; x_wconf 93' lang='lat' dir='ltr'>c.</span> <span class='ocrx_word' id='word_1_370' title='bbox 727 3409 768 3474; x_wconf 80' lang='lat'>5);</span> <span class='ocrx_word' id='word_1_371' title='bbox 796 3425 853 3476; x_wconf 88' lang='lat' dir='ltr'>qua</span> <span class='ocrx_word' id='word_1_372' title='bbox 880 3410 975 3463; x_wconf 87' lang='lat' dir='ltr'>tamen</span> <span class='ocrx_word' id='word_1_373' title='bbox 1006 3409 1041 3462; x_wconf 90' lang='lat' dir='ltr'>de</span> <span class='ocrx_word' id='word_1_374' title='bbox 1069 3424 1098 3462; x_wconf 90' lang='lat' dir='ltr'>re</span> <span class='ocrx_word' id='word_1_375' title='bbox 1124 3409 1156 3461; x_wconf 92' lang='lat' dir='ltr'>ut</span> <span class='ocrx_word' id='word_1_376' title='bbox 1179 3406 1335 3475; x_wconf 84' lang='lat' dir='ltr'>cogitemus</span> 
     </span>
     <span class='ocr_line' id='line_1_38' title="bbox 187 3485 1335 3559; baseline -0.003 -16"><span class='ocrx_word' id='word_1_377' title='bbox 187 3489 279 3559; x_wconf 89' lang='lat' dir='ltr'>ipsum</span> <span class='ocrx_word' id='word_1_378' title='bbox 307 3492 422 3546; x_wconf 90' lang='lat' dir='ltr'>uerbum</span> <span class='ocrx_word' id='word_1_379' title='bbox 452 3495 575 3545; x_wconf 81' lang='lat' dir='ltr'>armatus</span> <span class='ocrx_word' id='word_1_380' title='bbox 603 3487 684 3557; x_wconf 83' lang='lat' dir='ltr'>quasi</span> <span class='ocrx_word' id='word_1_381' title='bbox 717 3485 829 3540; x_wconf 87' lang='lat' dir='ltr'>inuitat.</span> <span class='ocrx_word' id='word_1_382' title='bbox 876 3487 1021 3541; x_wconf 86' lang='lat' dir='ltr'>turbatum</span> <span class='ocrx_word' id='word_1_383' title='bbox 1052 3503 1135 3556; x_wconf 88' lang='lat' dir='ltr'>porro</span> <span class='ocrx_word' id='word_1_384' title='bbox 1163 3486 1335 3556; x_wconf 85' lang='lat' dir='ltr'>singulorum</span> 
     </span>
     <span class='ocr_line' id='line_1_39' title="bbox 188 3566 1335 3640; baseline -0.005 -16"><span class='ocrx_word' id='word_1_385' title='bbox 188 3570 376 3640; x_wconf 83' lang='lat' dir='ltr'>membrorum</span> <span class='ocrx_word' id='word_1_386' title='bbox 397 3570 522 3626; x_wconf 86' lang='lat' dir='ltr'>ordinem</span> <span class='ocrx_word' id='word_1_387' title='bbox 547 3568 605 3623; x_wconf 90' lang='lat' dir='ltr'>iam</span> <span class='ocrx_word' id='word_1_388' title='bbox 624 3567 801 3620; x_wconf 89' lang='lat' dir='ltr'>Andresenus</span> <span class='ocrx_word' id='word_1_389' title='bbox 822 3566 860 3636; x_wconf 86' lang='lat' dir='ltr'>[p.</span> <span class='ocrx_word' id='word_1_390' title='bbox 882 3566 944 3636; x_wconf 81' lang='lat' dir='ltr'>rat]</span> <span class='ocrx_word' id='word_1_391' title='bbox 965 3566 1063 3634; x_wconf 89' lang='lat' dir='ltr'>euicit,</span> <span class='ocrx_word' id='word_1_392' title='bbox 1087 3567 1136 3634; x_wconf 91' lang='lat' dir='ltr'>qui</span> <span class='ocrx_word' id='word_1_393' title='bbox 1159 3567 1250 3621; x_wconf 90' lang='lat' dir='ltr'>obiter</span> <span class='ocrx_word' id='word_1_394' title='bbox 1273 3583 1335 3620; x_wconf 91' lang='lat' dir='ltr'>con·</span> 
     </span>
     <span class='ocr_line' id='line_1_40' title="bbox 188 3644 1335 3721; baseline -0.005 -16"><span class='ocrx_word' id='word_1_395' title='bbox 188 3651 256 3706; x_wconf 90' lang='lat' dir='ltr'>iecit</span> <span class='ocrx_word' id='word_1_396' title='bbox 278 3658 400 3707; x_wconf 84' lang='lat' dir='ltr'>ormotus.</span> <span class='ocrx_word' id='word_1_397' title='bbox 443 3667 475 3706; x_wconf 88' lang='lat' dir='ltr'>eo</span> <span class='ocrx_word' id='word_1_398' title='bbox 499 3649 592 3721; x_wconf 89' lang='lat' dir='ltr'>potius</span> <span class='ocrx_word' id='word_1_399' title='bbox 616 3644 792 3713; x_wconf 85' lang='lat' dir='ltr'>corruptelae</span> <span class='ocrx_word' id='word_1_400' title='bbox 816 3662 929 3714; x_wconf 78' lang='lat' dir='ltr'>genere,</span> <span class='ocrx_word' id='word_1_401' title='bbox 955 3646 1029 3715; x_wconf 90' lang='lat' dir='ltr'>quod</span> <span class='ocrx_word' id='word_1_402' title='bbox 1053 3644 1132 3699; x_wconf 90' lang='lat' dir='ltr'>utin</span> <span class='ocrx_word' id='word_1_403' title='bbox 1151 3646 1203 3700; x_wconf 91' lang='lat' dir='ltr'>hoc</span> <span class='ocrx_word' id='word_1_404' title='bbox 1223 3645 1335 3715; x_wconf 83' lang='lat' dir='ltr'>dialogo</span> 
     </span>
     <span class='ocr_line' id='line_1_41' title="bbox 188 3725 1336 3802; baseline -0.004 -18"><span class='ocrx_word' id='word_1_405' title='bbox 188 3730 330 3786; x_wconf 87' lang='lat' dir='ltr'>inuenitur</span> <span class='ocrx_word' id='word_1_406' title='bbox 349 3733 392 3800; x_wconf 86' lang='lat' dir='ltr'>(cf.</span> <span class='ocrx_word' id='word_1_407' title='bbox 413 3749 497 3802; x_wconf 88' lang='lat' dir='ltr'>supra</span> <span class='ocrx_word' id='word_1_408' title='bbox 516 3731 552 3785; x_wconf 88' lang='lat' dir='ltr'>ad</span> <span class='ocrx_word' id='word_1_409' title='bbox 571 3746 594 3783; x_wconf 91' lang='lat' dir='ltr'>c.</span> <span class='ocrx_word' id='word_1_410' title='bbox 615 3731 641 3797; x_wconf 88' lang='grc'>3)</span> <span class='ocrx_word' id='word_1_411' title='bbox 660 3726 702 3780; x_wconf 88' lang='lat' dir='ltr'>ita</span> <span class='ocrx_word' id='word_1_412' title='bbox 720 3725 840 3780; x_wconf 88' lang='lat' dir='ltr'>aliorum</span> <span class='ocrx_word' id='word_1_413' title='bbox 858 3725 1024 3794; x_wconf 90' lang='lat' dir='ltr'>scriptorum</span> <span class='ocrx_word' id='word_1_414' title='bbox 1048 3725 1158 3778; x_wconf 81' lang='lat' dir='ltr'>textum</span> <span class='ocrx_word' id='word_1_415' title='bbox 1178 3725 1254 3778; x_wconf 85' lang='lat' dir='ltr'>haud</span> <span class='ocrx_word' id='word_1_416' title='bbox 1273 3742 1336 3780; x_wconf 84' lang='lat' dir='ltr'>raro</span> 
     </span>
     <span class='ocr_line' id='line_1_42' title="bbox 190 3803 1336 3882; baseline -0.007 -16"><span class='ocrx_word' id='word_1_417' title='bbox 190 3812 357 3882; x_wconf 85' lang='lat' dir='ltr'>deprauauit</span> <span class='ocrx_word' id='word_1_418' title='bbox 375 3810 420 3882; x_wconf 84' lang='lat' dir='ltr'>(ci.</span> <span class='ocrx_word' id='word_1_419' title='bbox 440 3829 482 3866; x_wconf 88' lang='lat' dir='ltr'>ex.</span> <span class='ocrx_word' id='word_1_420' title='bbox 502 3829 542 3879; x_wconf 84' lang='lat' dir='ltr'>gr.</span> <span class='ocrx_word' id='word_1_421' title='bbox 563 3807 704 3873; x_wconf 83' lang='lat' dir='ltr'>Gertuius,</span> <span class='ocrx_word' id='word_1_422' title='bbox 725 3805 798 3859; x_wconf 88' lang='lat' dir='ltr'>stud.</span> <span class='ocrx_word' id='word_1_423' title='bbox 819 3803 879 3860; x_wconf 87' lang='lat' dir='ltr'>crit.</span> <span class='ocrx_word' id='word_1_424' title='bbox 898 3806 927 3859; x_wconf 90' lang='lat' dir='ltr'>in</span> <span class='ocrx_word' id='word_1_425' title='bbox 948 3805 1069 3860; x_wconf 82' lang='lat' dir='ltr'>Senecae</span> <span class='ocrx_word' id='word_1_426' title='bbox 1088 3805 1217 3874; x_wconf 81' lang='lat' dir='ltr'>dialogos</span> <span class='ocrx_word' id='word_1_427' title='bbox 1235 3823 1262 3874; x_wconf 89' lang='lat' dir='ltr'>p.</span> <span class='ocrx_word' id='word_1_428' title='bbox 1283 3808 1336 3872; x_wconf 79' lang='lat'>89),</span> 
     </span>
     <span class='ocr_line' id='line_1_43' title="bbox 190 3883 1336 3955; baseline -0.008 -9"><span class='ocrx_word' id='word_1_429' title='bbox 190 3894 280 3948; x_wconf 89' lang='lat' dir='ltr'>locum</span> <span class='ocrx_word' id='word_1_430' title='bbox 301 3893 374 3948; x_wconf 89' lang='lat' dir='ltr'>inter</span> <span class='ocrx_word' id='word_1_431' title='bbox 393 3909 421 3946; x_wconf 89' lang='lat' dir='ltr'>sc</span> <span class='ocrx_word' id='word_1_432' title='bbox 436 3892 584 3954; x_wconf 84' lang='lat' dir='ltr'>mutabant</span> <span class='ocrx_word' id='word_1_433' title='bbox 598 3889 652 3941; x_wconf 90' lang='lat' dir='ltr'>duo</span> <span class='ocrx_word' id='word_1_434' title='bbox 671 3883 835 3955; x_wconf 79' lang='lat' dir='ltr'>participia:</span> <span class='ocrx_word' id='word_1_435' title='bbox 864 3887 949 3940; x_wconf 84' lang='lat' dir='ltr'>armis</span> <span class='ocrx_word' id='word_1_436' title='bbox 963 3892 1087 3940; x_wconf 82' lang='lat' dir='ltr'>armatus</span> <span class='ocrx_word' id='word_1_437' title='bbox 1102 3887 1190 3954; x_wconf 87' lang='lat' dir='ltr'>(cuius</span> <span class='ocrx_word' id='word_1_438' title='bbox 1205 3884 1336 3939; x_wconf 88' lang='lat' dir='ltr'>dictionis</span> 
     </span>
     <span class='ocr_line' id='line_1_44' title="bbox 191 3967 1337 4043; baseline -0.009 -16"><span class='ocrx_word' id='word_1_439' title='bbox 191 3974 318 4043; x_wconf 85' lang='lat' dir='ltr'>exemplu</span> <span class='ocrx_word' id='word_1_440' title='bbox 337 3971 494 4028; x_wconf 84' lang='lat' dir='ltr'>adscribere</span> <span class='ocrx_word' id='word_1_441' title='bbox 513 3971 696 4041; x_wconf 65' lang='lat' dir='ltr'>superfluum</span> <span class='ocrx_word' id='word_1_442' title='bbox 716 3967 749 4022; x_wconf 80' lang='lat' dir='ltr'>ci.</span> <span class='ocrx_word' id='word_1_443' title='bbox 765 3985 789 4022; x_wconf 90' lang='lat' dir='ltr'>c.</span> <span class='ocrx_word' id='word_1_444' title='bbox 804 3973 838 4021; x_wconf 89' lang='grc'>22</span> <span class='ocrx_word' id='word_1_445' title='bbox 852 3972 919 4022; x_wconf 87' lang='lat' dir='ltr'>tecto</span> <span class='ocrx_word' id='word_1_446' title='bbox 934 3968 998 4036; x_wconf 82' lang='lat' dir='ltr'>topi)</span> <span class='ocrx_word' id='word_1_447' title='bbox 1018 3968 1048 4021; x_wconf 91' lang='lat' dir='ltr'>et</span> <span class='ocrx_word' id='word_1_448' title='bbox 1061 3969 1169 4021; x_wconf 84' lang='lat' dir='ltr'>ortibus</span> <span class='ocrx_word' id='word_1_449' title='bbox 1186 3969 1337 4021; x_wconf 85' lang='lat' dir='ltr'>instructus</span> 
     </span>
     <span class='ocr_line' id='line_1_45' title="bbox 189 4046 1337 4122; baseline -0.006 -15"><span class='ocrx_word' id='word_1_450' title='bbox 189 4055 261 4107; x_wconf 90' lang='lat' dir='ltr'>bene</span> <span class='ocrx_word' id='word_1_451' title='bbox 279 4052 432 4122; x_wconf 81' lang='lat' dir='ltr'>pulcraque</span> <span class='ocrx_word' id='word_1_452' title='bbox 452 4051 505 4105; x_wconf 92' lang='lat' dir='ltr'>sibi</span> <span class='ocrx_word' id='word_1_453' title='bbox 523 4049 705 4121; x_wconf 83' lang='lat' dir='ltr'>respondent;</span> <span class='ocrx_word' id='word_1_454' title='bbox 730 4050 759 4101; x_wconf 90' lang='lat' dir='ltr'>et</span> <span class='ocrx_word' id='word_1_455' title='bbox 781 4047 837 4118; x_wconf 83' lang='lat' dir='ltr'>hoc</span> <span class='ocrx_word' id='word_1_456' title='bbox 856 4048 969 4117; x_wconf 89' lang='lat' dir='ltr'>quidem</span> <span class='ocrx_word' id='word_1_457' title='bbox 988 4049 1116 4104; x_wconf 90' lang='lat' dir='ltr'>sollemni</span> <span class='ocrx_word' id='word_1_458' title='bbox 1135 4046 1267 4117; x_wconf 89' lang='lat' dir='ltr'>loquendi</span> <span class='ocrx_word' id='word_1_459' title='bbox 1284 4064 1337 4101; x_wconf 91' lang='lat' dir='ltr'>usu</span> 
     </span>
     <span class='ocr_line' id='line_1_46' title="bbox 190 4127 1337 4198; baseline -0.003 -14"><span class='ocrx_word' id='word_1_460' title='bbox 190 4131 345 4198; x_wconf 86' lang='lat' dir='ltr'>stabilitur,</span> <span class='ocrx_word' id='word_1_461' title='bbox 369 4130 402 4186; x_wconf 81' lang='lat' dir='ltr'>cf.</span> <span class='ocrx_word' id='word_1_462' title='bbox 427 4147 450 4184; x_wconf 90' lang='lat' dir='ltr'>e.</span> <span class='ocrx_word' id='word_1_463' title='bbox 476 4135 510 4185; x_wconf 82' lang='lat'>33</span> <span class='ocrx_word' id='word_1_464' title='bbox 529 4132 694 4185; x_wconf 75' lang='lat' dir='ltr'>iuste-uotum</span> <span class='ocrx_word' id='word_1_465' title='bbox 717 4133 742 4181; x_wconf 86' lang='lat' dir='ltr'>et</span> <span class='ocrx_word' id='word_1_466' title='bbox 760 4129 875 4196; x_wconf 80' lang='lat' dir='ltr'>ptumum</span> <span class='ocrx_word' id='word_1_467' title='bbox 892 4130 935 4183; x_wconf 74' lang='lat' dir='ltr'>lem</span> <span class='ocrx_word' id='word_1_468' title='bbox 954 4129 1074 4197; x_wconf 81' lang='lat' dir='ltr'>ortibus,</span> <span class='ocrx_word' id='word_1_469' title='bbox 1098 4128 1194 4184; x_wconf 82' lang='lat' dir='ltr'>Cicero</span> <span class='ocrx_word' id='word_1_470' title='bbox 1213 4127 1248 4182; x_wconf 87' lang='lat' dir='ltr'>de</span> <span class='ocrx_word' id='word_1_471' title='bbox 1267 4145 1305 4182; x_wconf 94' lang='lat' dir='ltr'>or.</span> <span class='ocrx_word' id='word_1_472' title='bbox 1325 4128 1337 4180; x_wconf 94' lang='grc' dir='ltr'>Ι</span> 
     </span>
     <span class='ocr_line' id='line_1_47' title="bbox 192 4209 1115 4277; baseline -0.003 -12"><span class='ocrx_word' id='word_1_473' title='bbox 192 4215 225 4265; x_wconf 82' lang='grc'>73</span> <span class='ocrx_word' id='word_1_474' title='bbox 246 4211 282 4264; x_wconf 87' lang='lat' dir='ltr'>od</span> <span class='ocrx_word' id='word_1_475' title='bbox 300 4211 445 4264; x_wconf 77' lang='lat' dir='ltr'>diremtum</span> <span class='ocrx_word' id='word_1_476' title='bbox 463 4225 487 4263; x_wconf 94' lang='lat' dir='ltr'>o.</span> <span class='ocrx_word' id='word_1_477' title='bbox 506 4211 525 4265; x_wconf 88' lang='lat' dir='ltr'>i.</span> <span class='ocrx_word' id='word_1_478' title='bbox 545 4211 653 4264; x_wconf 85' lang='lat' dir='ltr'>ortibus</span> <span class='ocrx_word' id='word_1_479' title='bbox 670 4209 822 4263; x_wconf 76' lang='lat' dir='ltr'>instructus</span> <span class='ocrx_word' id='word_1_480' title='bbox 841 4210 979 4263; x_wconf 85' lang='lat' dir='ltr'>occesserit</span> <span class='ocrx_word' id='word_1_481' title='bbox 997 4209 1115 4277; x_wconf 82' lang='lat' dir='ltr'>aliaque.</span> 
     </span>
    </p>

    <p class='ocr_par' dir='ltr' id='par_1_7' title="bbox 190 4287 1338 4598">
     <span class='ocr_line' id='line_1_48' title="bbox 265 4287 1338 4357; baseline -0.003 -12"><span class='ocrx_word' id='word_1_482' title='bbox 265 4296 297 4345; x_wconf 84' lang='lat'>14</span> <span class='ocrx_word' id='word_1_483' title='bbox 315 4295 349 4344; x_wconf 88' lang='lat' dir='ltr'>ut</span> <span class='ocrx_word' id='word_1_484' title='bbox 362 4291 394 4343; x_wconf 85' lang='lat' dir='ltr'>im</span> <span class='ocrx_word' id='word_1_485' title='bbox 412 4289 566 4344; x_wconf 77' lang='lat' dir='ltr'>actionibus</span> <span class='ocrx_word' id='word_1_486' title='bbox 585 4305 678 4344; x_wconf 82' lang='lat' dir='ltr'>eorum</span> <span class='ocrx_word' id='word_1_487' title='bbox 696 4289 741 4342; x_wconf 87' lang='lat' dir='ltr'>uis</span> <span class='ocrx_word' id='word_1_488' title='bbox 761 4287 825 4356; x_wconf 79' lang='lat' dir='ltr'>(ius)</span> <span class='ocrx_word' id='word_1_489' title='bbox 844 4303 948 4357; x_wconf 81' lang='lat' dir='ltr'>quoque</span> <span class='ocrx_word' id='word_1_490' title='bbox 962 4289 1097 4343; x_wconf 82' lang='lat' dir='ltr'>cotidiani</span> <span class='ocrx_word' id='word_1_491' title='bbox 1109 4288 1240 4342; x_wconf 78' lang='lat' dir='ltr'>sermruu&#39;s</span> <span class='ocrx_word' id='word_1_492' title='bbox 1257 4288 1338 4354; x_wconf 83' lang='lat' dir='ltr'>foedo</span> 
     </span>
     <span class='ocr_line' id='line_1_49' title="bbox 193 4366 1338 4442; baseline -0.005 -13"><span class='ocrx_word' id='word_1_493' title='bbox 193 4390 226 4429; x_wconf 87' lang='lat' dir='ltr'>ac</span> <span class='ocrx_word' id='word_1_494' title='bbox 240 4373 374 4442; x_wconf 85' lang='lat' dir='ltr'>pudemdu</span> <span class='ocrx_word' id='word_1_495' title='bbox 391 4372 465 4426; x_wconf 84' lang='lat' dir='ltr'>uitio</span> <span class='ocrx_word' id='word_1_496' title='bbox 483 4370 727 4438; x_wconf 76' lang='lat' dir='ltr'>deprehenduntur.</span> <span class='ocrx_word' id='word_1_497' title='bbox 761 4366 928 4422; x_wconf 90' lang='lat' dir='ltr'>coniecturis</span> <span class='ocrx_word' id='word_1_498' title='bbox 947 4367 1074 4438; x_wconf 90' lang='lat' dir='ltr'>plurimis</span> <span class='ocrx_word' id='word_1_499' title='bbox 1093 4367 1238 4422; x_wconf 87' lang='lat' dir='ltr'>doctorum</span> <span class='ocrx_word' id='word_1_500' title='bbox 1258 4369 1338 4437; x_wconf 86' lang='lat' dir='ltr'>(quas</span> 
     </span>
     <span class='ocr_line' id='line_1_50' title="bbox 190 4447 1337 4518; baseline -0.007 -10"><span class='ocrx_word' id='word_1_501' title='bbox 190 4455 219 4508; x_wconf 88' lang='lat' dir='ltr'>in</span> <span class='ocrx_word' id='word_1_502' title='bbox 244 4469 390 4508; x_wconf 88' lang='lat' dir='ltr'>censuram</span> <span class='ocrx_word' id='word_1_503' title='bbox 413 4451 498 4505; x_wconf 89' lang='lat' dir='ltr'>uocat</span> <span class='ocrx_word' id='word_1_504' title='bbox 520 4448 697 4503; x_wconf 85' lang='lat' dir='ltr'>Andresenus</span> <span class='ocrx_word' id='word_1_505' title='bbox 720 4465 747 4518; x_wconf 85' lang='lat' dir='ltr'>p.</span> <span class='ocrx_word' id='word_1_506' title='bbox 769 4447 830 4514; x_wconf 86' lang='grc'><strong>126)</strong></span> <span class='ocrx_word' id='word_1_507' title='bbox 854 4447 894 4500; x_wconf 91' lang='lat' dir='ltr'>nil</span> <span class='ocrx_word' id='word_1_508' title='bbox 918 4448 1046 4503; x_wconf 81' lang='lat' dir='ltr'>effectum</span> <span class='ocrx_word' id='word_1_509' title='bbox 1072 4451 1122 4504; x_wconf 88' lang='lat' dir='ltr'>est.</span> <span class='ocrx_word' id='word_1_510' title='bbox 1164 4463 1221 4502; x_wconf 91' lang='lat' dir='ltr'>non</span> <span class='ocrx_word' id='word_1_511' title='bbox 1247 4447 1337 4502; x_wconf 87' lang='lat' dir='ltr'>omnis</span> 
     </span>
     <span class='ocr_line' id='line_1_51' title="bbox 192 4523 1337 4598; baseline -0.007 -10"><span class='ocrx_word' id='word_1_512' title='bbox 192 4533 267 4588; x_wconf 84' lang='lat' dir='ltr'>enim</span> <span class='ocrx_word' id='word_1_513' title='bbox 294 4547 384 4588; x_wconf 88' lang='lat' dir='ltr'>sermo</span> <span class='ocrx_word' id='word_1_514' title='bbox 412 4529 570 4586; x_wconf 88' lang='lat' dir='ltr'>cotidianus</span> <span class='ocrx_word' id='word_1_515' title='bbox 597 4528 685 4583; x_wconf 84' lang='lat' dir='ltr'>habet</span> <span class='ocrx_word' id='word_1_516' title='bbox 710 4527 783 4584; x_wconf 87' lang='lat' dir='ltr'>uitia</span> <span class='ocrx_word' id='word_1_517' title='bbox 810 4526 893 4582; x_wconf 86' lang='lat' dir='ltr'>foeda</span> <span class='ocrx_word' id='word_1_518' title='bbox 922 4543 954 4582; x_wconf 89' lang='lat' dir='ltr'>ac</span> <span class='ocrx_word' id='word_1_519' title='bbox 981 4526 1113 4598; x_wconf 85' lang='lat' dir='ltr'>pudenda</span> <span class='ocrx_word' id='word_1_520' title='bbox 1135 4526 1213 4598; x_wconf 90' lang='lat' dir='ltr'>(quid</span> <span class='ocrx_word' id='word_1_521' title='bbox 1240 4523 1337 4598; x_wconf 88' lang='lat' dir='ltr'>purius</span> 
     </span>
    </p>
   </div>
   <div class='ocr_carea' id='block_1_3' title="bbox 0 0 1670 5168">
    <p class='ocr_par' dir='ltr' id='par_1_8' title="bbox 0 0 1670 5168">
     <span class='ocr_line' id='line_1_52' title="bbox 0 0 1670 5168; baseline 0 0"><span class='ocrx_word' id='word_1_522' title='bbox 0 0 1670 5168; x_wconf 95' lang='lat' dir='ltr'> </span> 
     </span>
    </p>
   </div>
  </div>
 </body>
</html>
