3296 5168
347 435 390 502 66
676 435 964 494 COMMENTARIVS
984 435 1157 492 caluere.

345 596 497 652 obnoxium
518 614 576 654 esse
599 613 682 666 quam
707 599 739 654 iu
760 599 848 665 fautee
870 598 969 664 seraut.
1010 599 1094 654 teneo
1117 599 1211 654 autem
1234 596 1309 666 quod
1332 596 1400 650 olim
1427 614 1487 667 pro·

345 679 440 749 posui,
459 681 496 735 ad
514 696 564 749 pro
583 681 615 734 u'u
634 696 694 734 esse
713 679 925 735 emendandum.

417 766 450 814 22
476 777 524 815 uec
549 761 681 816 auheleua
705 762 825 816 libutus.
872 757 1008 827 intellego
1036 757 1161 812 Caesaris
1192 757 1321 812 nuntium
1352 759 1486 814 celebrem

347 841 486 896 oratorem
505 839 534 894 in
552 839 693 894 Palatium
712 839 885 894 necaturum.
1336 895 1337 900 χ

416 925 450 976 25
478 921 639 990 quaudoque
666 920 737 974 euim
761 919 859 986 fatalis
883 923 909 973 et
933 935 1006 974 meua
1029 919 1086 974 dies
1108 921 1210 974 ueuu‘at.
1255 919 1291 974 ad
1317 919 1485 991 expedienda

344 1002 431 1057 uerba
459 1001 626 1057 difficillima
652 1001 791 1070 proficisci
819 1001 897 1056 lubet
919 1017 937 1055 a
958 998 1065 1069 triplici
1092 1016 1190 1054 uocem
1218 1001 1380 1070 quandoque
1406 1001 1485 1057 iuter·

344 1080 474 1150 pretendi
492 1082 609 1137 ratione.
643 1098 726 1150 quam
746 1081 868 1150 primum
886 1080 955 1134 licet
967 1078 1094 1148 accipere
1112 1095 1163 1148 pro
1183 1081 1340 1150 aliquaudo.
1370 1081 1419 1136 secl
1436 1081 1486 1137 hoc

343 1163 454 1230 uotum,
473 1160 547 1216 uelle
567 1178 595 1215 22
616 1161 768 1230 aliquando
787 1161 871 1230 mori,
894 1159 1022 1214 Materno
1046 1159 1189 1214 uindicare
1213 1176 1309 1216 omnes
1329 1164 1394 1231 (uno
1413 1162 1487 1218 Vah-

343 1241 408 1296 1220
441 1243 569 1310 excepto)
601 1243 660 1298 iure
692 1242 916 1312 perhorruerant.
967 1238 1017 1294 alii
1048 1239 1136 1310 igitur
1167 1241 1302 1296 Italorum
1333 1245 1487 1298 commento

343 1323 434 1376 ueuid
460 1321 551 1377 accito
575 1322 767 1392 explicabant:
800 1339 866 1376 nam
889 1319 1054 1388 aliquando,
1078 1322 1143 1388 post
1165 1321 1277 1377 breuius
1296 1323 1408 1392 longius
1427 1341 1486 1394 spa·

342 1401 426 1471 tium,
451 1419 503 1472 ego
527 1420 638 1472 quoque
664 1401 738 1458 diem
761 1401 851 1457 obibo.
893 1398 1077 1454 bellissimam
1095 1417 1162 1456 uero
1184 1400 1365 1472 sententiam,
1388 1421 1487 1471 quase

343 1499 399 1538 non
417 1483 596 1538 inmortalem
616 1500 674 1538 esse
693 1482 785 1537 innuit
803 1481 957 1536 Matemusl
994 1496 1086 1536 nonne
1105 1480 1251 1551 indignum
1271 1484 1313 1536 est
1330 1481 1401 1538 talia
1420 1483 1487 1538 serio

343 1563 517 1632 excogitari?
554 1579 638 1633 quam
660 1563 847 1616 insulsitatem
871 1561 1047 1630 aliquatenus
1076 1559 1255 1630 mitigaturus
1282 1562 1399 1616 Peterus
1429 1579 1487 1632 per-

343 1643 458 1698 suadere
479 1643 585 1714 studet,
604 1642 698 1698 uerbis
716 1643 813 1711 fatalis
832 1646 856 1695 et
875 1656 949 1696 meua
967 1640 1024 1694 dies
1042 1640 1184 1710 designari
1197 1645 1318 1698 mortem
1332 1643 1487 1698 naturalem

343 1721 402 1776 siue
427 1721 567 1778 uiolentae
591 1722 757 1793 oppositam.
801 1720 877 1790 quod
900 1723 1088 1776 commentum
1110 1738 1145 1775 ne
1169 1724 1276 1777 rectum
1300 1723 1414 1792 quidem
1439 1725 1488 1790 est,

256 1809 259 1816 ’
343 1819 406 1856 cum
429 1803 486 1857 dies
509 1803 607 1870 fatalis
628 1819 679 1873 per
702 1819 732 1856 se
757 1801 915 1869 sitisque
939 1801 1035 1856 debita
1053 1801 1111 1856 fate
1137 1802 1272 1856 soluimus
1291 1801 1350 1856 siue
1368 1801 1488 1858 naturali

342 1883 401 1937 siue
420 1885 519 1938 coacta
537 1884 627 1938 morte
647 1882 713 1951 (nisi
727 1882 799 1936 forte
814 1880 928 1935 disertis
942 1881 1036 1936 uerbis
1049 1881 1126 1937 facta
1140 1882 1183 1938 est
1195 1881 1346 1951 oppositio,
1364 1883 1397 1936 ut
1415 1881 1488 1951 apud

342 1961 482 2017 Velleium
500 1963 527 2017 II
545 1969 577 2030 4,
596 1962 718 2017 Plinium
737 1963 818 2031 epist.
833 1962 846 2014 I
866 1962 917 2028 12).
945 1960 1076 2030 idemque
1096 1963 1172 2017 cadit
1190 1962 1219 2016 in
1237 1960 1310 2016 illud
1327 1979 1402 2017 meus
1420 1963 1489 2028 dies3

343 2042 422 2097 uelut
439 2043 544 2098 milites
567 2043 597 2097 in
620 2059 743 2113 pugnam
768 2042 928 2107 certamque
951 2042 1070 2094 mortem
1093 2039 1231 2109 prodituri
1255 2041 1330 2110 apud
1357 2041 1489 2096 Seuerum

343 2121 463 2194 [Seneca
482 2126 578 2179 rhetor
592 2141 665 2180 suas.
680 2123 707 2176 Il
722 2123 768 2194 12]
790 2123 846 2176 ‘hic
863 2136 936 2175 uuus
950 2120 999 2174 eet'
1020 2121 1113 2174 utrae
1133 2121 1223 2175 ε22222.
1252 2121 1345 2176 aliena
1358 2121 1489 2176 nimirum

341 2202 564 2260 obuersabantur
586 2206 699 2274 Petere,
724 2205 757 2258 ut
778 2219 830 2258 sua
852 2207 936 2256 moue
958 2202 1033 2256 abire
1056 2202 1085 2256 et
1107 2201 1179 2256 illud
1201 2201 1337 2257 Hadriani
1367 2204 1411 2258 die
1438 2219 1490 2258 sua

337 2291 494 2355 perruptus
512 2289 541 2341 et
559 2303 631 2357 quae
651 2285 716 2340 sunt
735 2283 846 2339 similia.
888 2281 1002 2352 plurimi
1023 2280 1113 2350 igitur
1136 2283 1299 2351 quaudoque
1322 2283 1489 2352 accipientes

342 2366 567 2422 coniunctionem
582 2367 758 2437 (relinquere,
779 2382 842 2419 cum
856 2360 971 2431 moriar)
987 2364 1016 2416 et
1033 2361 1124 2415 ueuiet
1142 2362 1288 2429 praeterea
1301 2361 1489 2417 adsciscentes
1625 2381 1626 2406 ι

341 2445 370 2499 in
389 2447 460 2500 euim
477 2446 591 2502 latitare
614 2446 802 2516 corruptelam
827 2442 1015 2512 agnouerunt3
1039 2457 1089 2510 pro
1114 2458 1169 2509 qno
1195 2441 1391 2496 Doederlinins
1414 2444 1488 2511 mihi,

341 2525 469 2580 Halmius
488 2528 609 2595 quidem,
630 2525 772 2581 Steinerus
791 2524 856 2579 olim
875 2522 1086 2590 proposuerunt.
1115 2522 1163 2576 sed
1182 2523 1229 2576 uel
1248 2522 1289 2576 sic
1307 2521 1374 2576 lerri
1393 2522 1489 2591 nequit

341 2605 521 2660 coniunctum
538 2606 611 2660 illud
628 2607 726 2675 fatalis
744 2611 770 2659 22
787 2619 861 2658 ueus
879 2603 944 2657 dies.
986 2617 1052 2655 nam
1076 2600 1100 2654 si
1119 2607 1144 2657 et
1161 2603 1257 2657 ualere
1279 2604 1361 2658 etiam
1379 2603 1489 2671 statuis,

340 2684 485 2754 flagitatur
507 2685 604 2755 utique
620 2691 653 2748 ,et
675 2702 749 2740 uuus
772 2687 838 2740 deus
860 2681 957 2749 fatalis
985 2682 1069 2750 (unde
1093 2687 1119 2736 et
1141 2682 1276 2738 delebant
1298 2684 1433 2738 Pithoeus
1461 2684 1489 2737 et

341 2763 490 2834 Ouiacius).
531 2783 621 2836 neque
640 2781 708 2820 uero
726 2766 872 2832 tamquam
891 2777 1045 2830 synonyma
1067 2763 1193 2831 copulari
1216 2767 1333 2833 possunt
1350 2766 1489 2832 fataliect

340 2861 413 2900 uuus
436 2847 505 2901 dies:
530 2849 579 2901 aut
601 2847 699 2915 fatalis
722 2847 781 2900 dies
799 2859 873 2898 meus
890 2843 967 2897 ueuu't
985 2844 1036 2896 aut
1055 2859 1130 2898 meua
1148 2845 1205 2898 dies
1223 2846 1300 2900 uruit
1318 2845 1363 2913 (cf.
1384 2843 1489 2900 Seneca

340 2925 436 2980 rhetor
454 2927 472 2980 1.
492 2928 511 2982 1.
529 2928 670 2997 prouerbii
689 2928 763 2983 locus
781 2930 831 2980 cet:
855 2923 900 2978 hie
918 2922 974 2976 du'ee
994 2939 1070 2977 meus
1088 2917 1140 2992 eet)'
1154 2923 1302 2979 dicendum
1322 2927 1395 2979 erat:
1423 2943 1487 2995 syn·
1625 2909 1626 2998 1

340 3008 449 3076 onymis
475 3009 624 3080 iungendis
653 3008 762 3062 nullum
790 3003 904 3059 omniuo
932 3002 977 3056 hic
1001 3003 1095 3057 locum
1114 3019 1172 3059 esse
1197 3007 1241 3073 (ut
1258 3022 1310 3060 nec
1328 3005 1488 3074 germanice
1625 2999 1626 3088 1

340 3086 409 3142 dicis
430 3089 532 3144 ‘meins
550 3089 636 3144 letate
656 3085 890 3153 Sterhestunde')‚
909 3082 1052 3150 concedes,
1071 3082 1094 3135 si
1113 3084 1180 3151 quid
1194 3083 1329 3140 similium
1343 3085 1487 3139 notionum

340 3167 493 3222 cumulatio
519 3167 571 3222 sibi
588 3167 672 3222 'uelit
695 3168 724 3220 et
747 3181 802 3233 quo
826 3179 914 3231 usqne
937 3163 1070 3230 progredi
1092 3165 1181 3232 possit
1203 3166 1386 3234 perspexeris.
1422 3165 1488 3220 hinc

340 3246 405 3299 ante
433 3246 543 3313 aliquot
570 3263 657 3301 annos
684 3245 755 3298 illud
783 3245 855 3300 euim
877 3243 975 3310 fatalis
998 3261 1032 3298 ex
1054 3246 1149 3314 glossa
1171 3252 1210 3301 est
1235 3247 1333 3314 fatalis
1356 3247 1488 3314 corrupta

340 3324 431 3379 omnm
457 3326 561 3394 putans
587 3324 685 3395 scripsi
710 3325 872 3394 quaudoque
897 3328 922 3378 et
946 3340 1020 3378 meus
1043 3326 1102 3380 dies
1124 3328 1227 3393 ueuiet,
1253 3326 1378 3382 uiolenta
1403 3325 1488 3379 nimis

339 3404 458 3473 ideoque
480 3423 554 3460 nunc
576 3405 728 3475 inprobata
752 3403 920 3460 coniectura.
958 3407 988 3458 et
1011 3406 1068 3460 alia
1090 3405 1139 3460 uia
1157 3407 1278 3462 rectiora
1296 3406 1399 3461 eruisse
1418 3405 1488 3460 mihi

340 3482 444 3540 uideor.
482 3487 571 3540 restat
589 3486 665 3541 enim
683 3488 715 3542 ut
732 3486 895 3556 quaudoque
918 3501 1089 3555 exponamus
1113 3492 1137 3542 et
1159 3489 1284 3556 quaudo,
1308 3488 1348 3542 sic
1373 3487 1487 3556 quidem

339 3564 372 3616 ut
389 3564 476 3618 uerba
494 3565 545 3620 illa
569 3565 610 3636 (id
629 3567 705 3636 quod
722 3583 817 3636 perse
836 3564 973 3636 praestat)
991 3582 1048 3621 non
1067 3583 1130 3620 cum
1148 3566 1380 3636 praecedentibus
1398 3567 1487 3622 artius

339 3646 520 3717 cohaereant,
544 3649 593 3704 sed
616 3665 720 3703 nouum
744 3646 942 3716 propriumque
965 3646 1090 3701 forment
1111 3648 1275 3702 membrum.
1318 3663 1401 3716 quam
1426 3665 1486 3703 sen·

338 3726 457 3782 tentiam
486 3729 581 3782 autem
608 3727 777 3798 pulcriorem
806 3728 835 3782 et
861 3725 989 3786 Materno
1013 3725 1170 3797 digniorem
1193 3725 1373 3782 restituemus
1401 3743 1487 3795 quam

339 3822 396 3875 qua
415 3805 504 3877 dicat,
528 3824 557 3862 se
581 3809 680 3877 utpote
704 3824 805 3876 purum
825 3806 854 3860 et
876 3806 1020 3861 innoxium
1038 3821 1095 3859 ιιοιι
1114 3807 1238 3860 metuere
1258 3823 1348 3876 neque
1367 3810 1486 3862 tremere

317 3889 471 3954 mortem,
501 3888 550 3944 sed
575 3888 670 3956 quieto
694 3901 845 3954 securoque
869 3885 963 3941 animo
987 3884 1128 3955 opperiri?
1174 3884 1228 3939 hoo
1256 3889 1299 3941 est
1326 3889 1488 3957 quaudoque

340 3967 411 4021 eieut
428 3968 504 4035 fata,
524 3969 585 4023 lucet
602 3983 676 4022 meus
694 3967 752 4022 dies
770 3966 877 4032 acutat,
897 3968 928 4020 ut
946 3966 1007 4020 licet
1026 3965 1063 4018 212
1086 3965 1290 4033 permittentis:
1321 3967 1406 4022 traxit
1423 3985 1486 4037 par.-

338 4063 406 4100 uum
424 4046 525 4101 uitium
540 4047 638 4114 fatalia
656 4051 681 4102 et
699 4047 819 4101 alterum
835 4044 1011 4115 grauiusque.
1040 4045 1122 4100 uideo
1141 4063 1213 4102 nnnc
1227 4046 1375 4103 Meise'ium
1394 4046 1487 4101 simile

338 4124 407 4192 quid
426 4127 574 4182 odoratum
593 4143 664 4181 esse:
692 4127 853 4196 quaudoque
871 4127 922 4180 erit
944 4125 1043 4193 fatale,
1067 4129 1092 4180 et
1109 4141 1183 4180 meus
1201 4127 1259 4181 dies
1276 4127 1386 4193 ueus‘at3
1411 4127 1485 4195 quod

339 4204 374 4258 ab
394 4205 444 4260 illo
463 4207 516 4262 erit
532 4207 620 4274 fatale
638 4205 708 4261 mihi
726 4205 839 4274 quidem
859 4205 997 4275 displicet.

240 4288 321 4346 214
411 4289 426 4340 2
450 4287 604 4342 &lactasset
630 4287 702 4341 euim
729 4291 754 4341 te
776 4292 801 4341 et
823 4288 898 4356 Apn'
919 4285 1007 4339 uestri
1032 4286 1255 4342 aceruatieeimue
1282 4303 1375 4342 serua.
1416 4289 1485 4343 haec

338 4364 426 4418 uerba
448 4381 504 4420 non
527 4383 577 4436 per
600 4383 629 4421 se
652 4365 749 4436 (plana
772 4365 846 4421 enim
870 4381 966 4421 eorum
986 4365 1148 4436 sententia),
1172 4366 1221 4422 sed
1243 4367 1358 4422 alterius
1379 4367 1408 4421 in
1431 4369 1484 4422 hcc

339 4445 431 4514 capite
450 4445 506 4500 loci
523 4449 653 4517 respectu
672 4444 758 4500 dubia
775 4448 860 4516 utque
875 4447 1011 4516 suspecta.
1045 4463 1110 4503 mox
1124 4447 1196 4504 enim
1213 4445 1334 4502 Messala
1351 4463 1392 4502 me
1410 4463 1484 4514 uero,

337 4525 443 4594 iuquit,
466 4531 491 4579 et
512 4542 598 4582 saruc
620 4528 678 4596 ipse
702 4527 815 4596 iutuitu
842 4527 984 4596 uoluptate
1011 4527 1150 4594 affecisset.
1196 4543 1269 4596 quae
1293 4527 1319 4581 21
1344 4529 1388 4597 (ut
1411 4543 1485 4582 nune
