3270 5168
573 432 757 489 DIALOGVS
775 433 804 488 C.
825 439 938 499 26-28,
1286 431 1328 496 29

184 603 395 687 exquirimus,
427 621 507 684 quas
530 603 562 664 te
585 600 750 684 pellicitus
773 621 806 663 es
830 602 970 663 tractare
993 596 1092 680 paulo
1117 599 1205 679 ante,
1232 591 1329 679 plan'e

155 711 254 774 emiti
278 731 332 774 ore
355 707 620 792 eloquentiaeque
642 710 826 790 temporum
850 709 1035 770 nostrorum
1059 701 1192 766 minime
1214 703 1329 785 iratus,

183 820 355 900 antequam
378 817 411 878 te
436 814 525 899 Aper
548 813 724 879 offenderet
747 813 885 878 maiores
908 815 982 875 tuos
1006 808 1217 875 incessendo’.

272 920 361 986 ‘Non
385 919 468 986 sum'
483 921 599 1018 ,influit
628 919 780 985 ‘offensus
805 919 887 1003 Apri
916 918 980 982 mei
1008 917 1242 1000 disputatione,
1270 937 1329 980 nee

183 1032 248 1095 iam
274 1051 331 1094 uos
352 1026 470 1093 offendi
484 1027 623 1112 decebit,
647 1027 675 1091 si
694 1027 769 1112 quid
784 1025 866 1091 forte
882 1048 975 1090 aures
989 1029 1116 1089 uestras
1130 1023 1329 1108 perstringit,

184 1159 257 1202 cum
285 1136 393 1200 sciatis
421 1135 504 1198 hano
532 1156 603 1198 esse
631 1133 787 1199 eiusmodi
817 1155 1001 1197 sermonum
1029 1133 1150 1217 legem,
1176 1130 1329 1194 iudicium

147 1259 174 1296 1⁰
188 1243 287 1308 animi
310 1243 392 1307 citra
414 1240 568 1306 damnum
593 1241 726 1305 affectus
749 1238 916 1325 proferre'.

274 1346 413 1435 ‘Perge',
440 1347 547 1434 inquit
569 1347 751 1432 Maternus,
781 1345 920 1412 ‘etcum
948 1346 987 1410 de
1010 1345 1151 1429 antiquis
1176 1343 1330 1428 loquaris,

184 1464 273 1522 utere
296 1457 432 1540 antiqua
453 1455 618 1539 libertate,
636 1477 662 1538 ‚c
684 1477 747 1541 qua
766 1456 818 1518 uel
832 1453 937 1540 magis
951 1452 1218 1538 degenerauimus
1233 1473 1328 1534 quam

183 1566 225 1628 ab
248 1560 455 1649 eloquentia’.
1117 1630 1120 1636 ,

272 1671 318 1734 Et
330 1668 484 1734 Messala:
505 1667 583 1733 ‘non
597 1667 792 1752 reconditas,
809 1667 969 1752 Materne,
988 1689 1100 1732 causas
1115 1666 1250 1751 requiris
1268 1667 1383 1734 necas

185 1781 242 1840 aut
264 1777 327 1840 tibi
349 1775 412 1859 ipsi
436 1778 492 1839 aut
513 1774 589 1839 huic
604 1771 749 1839 Secundo
768 1775 820 1838 uel
834 1775 910 1839 huic
925 1774 1015 1868 Apro
1030 1776 1167 1860 ignotas,
1190 1774 1245 1837 sed
1265 1773 1330 1838 iam

186 1883 267 1947 mihi
290 1885 399 1966 partes
423 1881 598 1965 assignatis
621 1881 803 1965 proferendi
825 1882 860 1946 in
878 1881 1020 1946 medium
1034 1904 1115 1966 quae
1132 1903 1245 1946 omnes
1260 1902 1330 1944 sen-

184 1990 291 2053 timus
334 1988 406 2072 quis
437 1987 524 2052 enim
556 1989 688 2072 ignorat
721 1994 754 2053 et
785 1989 1002 2075 eloquentiam
1033 1993 1065 2052 et
1093 1992 1215 2054 ceteras
1243 1991 1330 2051 artes

157 2094 358 2159 adesciuisse
382 2095 423 2158 ab
447 2094 505 2158 illa
527 2098 637 2159 uetere
660 2095 766 2180 gloria
789 2119 856 2161 non
875 2094 1178 2180 inopiahonorum,
1202 2094 1258 2158 sed
1277 2095 1330 2158 de-

184 2201 265 2266 sidia
294 2201 472 2266 iuuentutis
502 2205 535 2264 et
556 2203 764 2288 neglegentia
791 2207 964 2287 parentum
993 2206 1025 2267 et
1047 2202 1219 2266 inscientia
1241 2221 1330 2283 prae-

183 2309 371 2392 cipientium
395 2311 428 2372 et
451 2308 616 2373 obliuione
638 2310 739 2374 moris
764 2309 911 2393 antiqui?
935 2330 1016 2392 quae
1035 2308 1276 2391 malaprimum
1295 2306 1330 2370 in

184 2416 263 2479 urbe
285 2419 379 2500 nata,
401 2419 475 2482 m'ox
499 2437 557 2499 per
570 2415 699 2480 Italiam
722 2413 812 2498 fusa,
834 2414 900 2478 iam
923 2415 958 2478 circ
981 2414 1166 2498 prouincias
1187 2414 1329 2478 manant.

185 2545 380 2608 quamquam
414 2527 521 2588 uestra
544 2523 640 2589 uobis
663 2521 792 2587 notiora
816 2524 903 2586 sunt:
932 2541 993 2606 ego
1016 2521 1055 2584 de
1079 2519 1157 2586 urbe
1179 2523 1213 2584 et
1235 2519 1331 2584 huius

146 2651 171 2690 1⁰
184 2630 324 2714 propriis
348 2652 386 2694 ac
408 2631 591 2695 uernaculis
616 2630 705 2694 uitiis
732 2630 860 2714 loquar,
888 2650 970 2714 quae
992 2631 1089 2693 natos
1113 2627 1228 2693 statim
1247 2627 1330 2692 exci-

184 2737 278 2819 piunt
300 2741 333 2801 et
355 2759 413 2820 per
436 2738 582 2823 singulos
606 2737 724 2802 aetatis
749 2737 868 2822 gradus
892 2737 1112 2817 cumulantur,
1136 2737 1163 2800 si
1182 2735 1272 2819 prius
1291 2735 1330 2799 de

186 2845 359 2908 seueritate
374 2866 412 2907 ac
427 2843 599 2926 disciplina
611 2843 772 2907 maiorum
787 2844 871 2909 cirea
886 2843 1066 2908 educandos
1080 2842 1331 2924 formandosque

185 2949 305 3014 liberos
329 2971 433 3032 pauca
454 2949 652 3033 praedixero.
689 2971 766 3014 nam
789 2951 913 3033 pridem
937 2973 1014 3014 suus
1038 2950 1153 3034 cuique
1174 2949 1269 3030 filius,
1292 2970 1331 3010 ex

186 3060 277 3120 casta
303 3059 438 3140 parente
460 3057 571 3132 natus,
599 3077 666 3120 non
696 3056 731 3119 in
753 3056 868 3121 cellula
891 3060 1019 3141 emptae
1042 3055 1190 3140 nutricis,
1219 3053 1274 3118 sed
1296 3055 1332 3117 r'fc

148 3183 171 3224 rs
188 3164 312 3248 grando
336 3186 374 3228 ac
398 3163 470 3228 sinu
493 3162 608 3228 matris
631 3162 844 3247 educabatur,
866 3165 957 3230 cuius
976 3164 1150 3248 praecipua
1168 3164 1238 3227 laus
1262 3164 1331 3226 erat

184 3271 269 3334 tueri
291 3271 423 3336 domum
447 3274 480 3335 et
501 3269 660 3335 inseruire
679 3269 805 3354 liberis3
829 3274 886 3335 aut
904 3271 1088 3356 eligebatur
1105 3271 1210 3336 maior
1224 3271 1332 3354 aliqua

185 3380 264 3440 natu
292 3379 486 3463 propinqua,
513 3377 603 3441 cuius
631 3377 778 3460 probatis
808 3377 1023 3461 spectatisque
1050 3378 1195 3442 moribus
1225 3378 1330 3466 omnis

186 3483 329 3548 eiusdem
353 3484 499 3551 familiae
518 3485 647 3550 soboles
669 3485 935 3550 committeretur.
972 3507 1081 3550 eoram
1095 3485 1212 3570 quibus
1226 3505 1331 3568 neque

256 3719 274 3767 4
292 3711 437 3781 pollicitus
458 3731 487 3768 es
506 3715 618 3783 scs-ipsi:
638 3712 752 3767 solitum
768 3711 918 3782 01510111
937 3728 984 3766 ere
1003 3709 1206 3779 eloquentiaeq.
1221 3712 1331 3780 scripsi:

186 3791 299 3846 mitiore
317 3791 481 3861 eloquentia
499 3795 528 3848 et
547 3799 566 3847 0
589 3795 594 3862 1
618 3791 732 3846 minime
751 3792 908 3848 Scebodr'ers:
927 3791 1046 3846 miratus
1065 3794 1112 3860 01
1133 3788 1332 3845 61000000οᾱ0

186 3873 387 3944 Schultinpius:
411 3875 575 3930 lacessendo
595 3878 614 3925 0
637 3875 647 3940 1
675 3879 689 3927 7
709 3871 778 3941 Apri
797 3871 1122 3941 000180100011000010000
1142 3888 1160 3923 a
1177 3872 1268 3939 prima
1286 3875 1305 3923 0
1326 3879 1329 3949 1

187 3969 238 4006 nec
256 3953 315 4006 iam
333 3954 476 4008 Halmius:
495 3971 561 4007 nam
579 3969 631 4006 nec
648 3958 675 4005 11
694 3969 759 4005 nam
778 3955 900 4024 011018
919 3949 1086 4023 perstringit
1102 3958 1142 4006 12
1160 3951 1333 4028 perstringat

188 4037 212 4084 10
230 4032 403 4102 perstringet
420 4033 558 4103 Lipsiasll
573 4039 604 4087 11
626 4034 655 4086 et
672 4037 711 4086 1:
730 4049 780 4087 om.
799 4036 894 4102 101112
914 4050 932 4086 a
949 4035 1093 4091 addidits

256 4114 305 4169 28.
331 4119 343 4166 1
364 4111 401 4165 at
418 4117 460 4165 11ε
479 4113 533 4176 Qui
550 4119 574 4166 10
593 4111 644 4168 Cui
659 4113 791 4168 Halmius
803 4116 843 4181 {12
863 4114 912 4169 sed
931 4114 988 4167 iarn
1006 4115 1117 4182 scripsi:
1136 4112 1223 4166 etiam
1241 4111 1266 4166 si
1286 4118 1304 4165 0
1324 4115 1332 4186 11

186 4199 202 4246 6
222 4192 359 4248 honorum
378 4194 489 4261 screbat:
508 4193 653 4247 hominum
672 4196 691 4244 0
712 4196 723 4261 1
750 4198 766 4246 8
786 4191 816 4244 in
835 4209 864 4251 s:
883 4211 932 4249 om.
953 4199 985 4258 0;
1003 4211 1071 4249 aum
1089 4194 1126 4246 ad
1144 4193 1160 4247 .9
1181 4195 1193 4263 11
1215 4199 1231 4246 9
1250 4193 1333 4246 huius

187 4273 359 4343 Spsayela'us:
379 4271 424 4325 his
444 4274 533 4342 0111
554 4273 726 4327 comitantur
743 4274 983 4343 Sclsurssleiscbs'as
998 4278 1002 4344 1
1019 4275 1054 4327 de
1073 4291 1104 4332 s:
1122 4291 1140 4326 a
1158 4278 1248 4345 01113
1267 4291 1333 4328 nam

191 4352 438 4407 Weissenbornius:
457 4351 514 4405 iam
533 4354 580 4421 01
600 4360 633 4408 14
651 4354 754 4408 cellula
772 4371 831 4425 epo:
855 4355 996 4409 00110000
1020 4357 1025 4423 1
1049 4354 1079 4407 in
1098 4356 1207 4409 addidit
1225 4355 1332 4410 Andre-

186 4435 289 4504 000001
303 4439 336 4486 15
355 4432 519 4487 educabitur
537 4438 561 4484 10
577 4435 581 4502 1
597 4435 651 4488 erit
663 4439 710 4506 101
726 4442 758 4489 16
772 4437 822 4488 aut
835 4434 994 4506 eligebatur
1009 4435 1156 4501 Meiseras:
1176 4435 1334 4505 eligebatur

188 4516 282 4566 autem
302 4516 391 4584 0118
411 4514 513 4583 quibus
531 4517 643 4584 scripsi:
663 4515 730 4583 qnia
746 4521 774 4568 11
793 4531 849 4584 qua
866 4521 890 4568 10
