3270 5168
299 371 342 434 24
813 363 931 419 mem

300 555 419 598 neruos
442 534 541 598 rubor
563 532 646 617 tegit
669 533 702 594 ct
726 531 821 595 decor
844 527 1058 594 commendat.
1094 529 1170 592 nolo
1194 525 1373 595 Coruinum
1396 530 1452 596 in-

299 641 402 726 sequi,
431 640 505 723 quia
533 660 599 703 non
628 659 685 722 per
712 637 819 720 ipsum
848 635 952 720 stetit,
980 635 1151 719 quominus
1176 635 1334 700 laet‘tiam
1361 637 1451 702 nito-

298 769 429 831 remque
453 749 639 811 nostrorum
662 747 844 828 temporum
869 742 1076 827 exprimeret3
1106 740 1252 806 uidemus
1283 741 1383 828 enim,
1411 745 1449 808 in

247 850 456 941 22quantum
480 851 597 917 iudicio
621 851 689 916 eius
713 850 764 915 uis
787 852 844 938 aut
867 849 967 916 animi
991 851 1047 915 aut
1061 849 1183 934 ingenii
1198 849 1366 916 suffecerit.
1405 851 1451 918 ad
1466 869 1503 910 40

300 940 488 1027 Ciceronem
513 959 623 1037 uenio,
647 958 697 1023 cui
721 957 833 1023 eadem
856 975 967 1040 pugna
991 977 1063 1020 cum
1087 955 1279 1040 aequalibus
1294 958 1360 1023 suis
1375 959 1450 1044 fuit,

300 1091 382 1153 quae
407 1067 488 1132 mihi
511 1065 679 1131 uobiscum
703 1067 763 1128 est.
800 1063 849 1126 illi
872 1062 956 1126 enim
976 1061 1126 1147 antiquos
1141 1062 1354 1150 mirabantur,
1377 1066 1449 1152 ipse

302 1196 433 1238 suorum
452 1175 635 1258 temporum
650 1170 869 1255 eloquentiam
885 1169 1119 1255 anteponebat3
1138 1192 1198 1237 nec
1212 1169 1279 1236 ulla
1292 1194 1326 1238 re
1342 1174 1449 1259 magis

204 1361 208 1371 Ι
301 1281 442 1346 eiusdem
458 1275 575 1344 aetatis
590 1281 735 1344 oratores
751 1277 932 1361 praecurrit
946 1299 1042 1362 quam
1057 1276 1185 1343 iudicio.
1222 1278 1344 1360 primus
1360 1282 1448 1346 enim
1479 1297 1493 1337 5

303 1387 443 1454 excoluit
471 1387 668 1470 oraticnem,
697 1385 821 1469 primus
850 1387 883 1449 et
910 1384 1019 1449 uerbis
1048 1384 1207 1451 delectum
1236 1385 1385 1452 adhibuit
1415 1392 1450 1454 et

302 1493 531 1579 compositioni
554 1497 671 1577 artem,
694 1493 783 1558 locos
807 1513 933 1577 quoque
952 1491 1103 1557 laetiores
1119 1493 1294 1558 attentauit
1307 1497 1340 1559 et
1354 1517 1447 1579 quas-

302 1601 376 1666 dam
400 1601 576 1665 sententias
600 1599 741 1684 inuenit,
764 1599 873 1686 utique
892 1599 927 1663 in
945 1599 986 1664 iis
1006 1599 1221 1684 orationibus,
1245 1623 1324 1685 quas
1340 1604 1449 1669 senior

302 1710 368 1774 iam
392 1712 424 1774 et
446 1709 537 1772 iuxta
559 1709 658 1772 finem
681 1707 769 1772 uitae
793 1707 987 1791 composuit,
1018 1706 1050 1770 id
1074 1710 1123 1772 est
1145 1711 1318 1792 postquam
1342 1711 1448 1796 magis

302 1816 484 1901 profecerat
510 1814 638 1899 usuque'
661 1816 694 1878 et
721 1813 949 1898 experimentis
978 1813 1145 1898 didicorat,
1172 1815 1259 1899 quod
1289 1818 1447 1900 optimum
1464 1833 1492 1871 ¹⁰

303 1923 429 1987 dicendi
452 1943 553 2007 genus
581 1924 673 1986 esset.
712 1942 789 1985 nam
816 1921 940 2005 priores
970 1921 1036 1986 cius
1061 1921 1224 1988 orationes
1248 1945 1314 1989 non
1337 1929 1449 1991 carent

303 2031 391 2095 uitiis
416 2028 635 2113 antiquitatis:
665 2029 771 2092 lentus
795 2030 846 2092 est
868 2028 902 2092 in
925 2027 1106 2114 principiis,
1137 2030 1255 2115 longus
1279 2031 1314 2095 in
1337 2053 1447 2096 narra·

303 2137 461 2221 tionibus,
485 2135 608 2202 otiosus
633 2135 717 2200 circa
740 2157 903 2220 excessus3
930 2135 1022 2201 tarde
1045 2140 1280 2223 commonetur,
1302 2160 1377 2204 raro
1400 2140 1446 2204 in-

303 2246 446 2330 calescit3
470 2243 563 2329 pauci
584 2265 697 2309 sensus
711 2246 786 2328 apte
801 2246 920 2308 etcum
935 2242 1074 2329 quodam
1089 2244 1209 2309 lumine
1223 2245 1448 2310 terminantur.

303 2351 386 2417 nihil
410 2373 592 2436 excerpere,
615 2350 703 2432 nihil,
721 2352 840 2416 referre
863 2351 985 2436 possis;
1010 2353 1043 2416 et
1065 2351 1154 2416 uelut
1167 2349 1201 2416 in
1216 2350 1287 2416 rudi
1303 2351 1446 2417 aedificio
1462 2365 1487 2405 1⁶

304 2461 417 2523 firmus
447 2479 522 2522 sane
551 2457 657 2540 paries
687 2460 719 2522 et
742 2457 939 2540 duraturus„
958 2456 1013 2521 sed
1041 2478 1108 2522 non
1132 2458 1210 2522 satis
1234 2460 1394 2543 expolitus
1418 2463 1449 2524 ct

305 2563 487 2648 splendens.
524 2582 584 2647 ego
614 2565 721 2626 autem
750 2565 910 2628 oratorem
939 2562 1023 2628 sicut
1044 2563 1237 2648 locupletem
1265 2588 1302 2630 ac
1325 2567 1447 2631 lautum

305 2675 430 2756 patrem
454 2669 597 2734 familiae
620 2691 686 2734 non
710 2691 748 2734 ec
767 2671 897 2733 tanturn
914 2670 990 2734 nolo
1004 2671 1091 2735 tecto
1105 2671 1188 2756 tegi,
1212 2673 1297 2755 quod
1312 2673 1447 2740 imbrem

305 2803 341 2845 ac
364 2781 498 2845 uentum
521 2779 643 2861 arceat,
667 2776 722 2840 sed
746 2774 844 2840 etiam
868 2776 953 2860 quod
977 2777 1083 2842 uisum
1108 2782 1140 2844 et
1164 2779 1274 2845 oculos
1298 2781 1446 2866 delectet3

305 2909 372 2952 non
396 2908 433 2952 ea
457 2885 561 2950 solum
584 2883 701 2948 instrui
724 2884 931 2969 supellectili,
956 2907 1036 2969 quae
1052 2886 1239 2952 necessariis
1254 2888 1365 2954 usibus
1384 2889 1446 2954 suf·
1459 2901 1484 2939 2⁰

304 2995 405 3077 ficiat,
428 2994 483 3058 sed
507 2994 550 3058 sit
573 2993 607 3057 in
632 2996 789 3076 apparatu
813 2992 880 3058 eius
905 2996 938 3058 et
961 3015 1074 3059 aurum
1099 2996 1131 3058 et
1154 3015 1315 3081 gemmae,
1337 2999 1375 3060 ut
1398 3020 1445 3062 su-

304 3121 390 3164 mere
420 3101 454 3163 in
485 3121 614 3182 manus,
643 3101 680 3162 ut
707 3098 851 3182 aspicere
880 3099 1007 3183 saepius
1034 3098 1145 3164 libeat.
1186 3102 1344 3186 quaedam
1371 3126 1445 3170 uero

198 3289 200 3296 Α
305 3207 417 3291 procul
446 3207 594 3270 arcentor
621 3207 658 3269 ut
685 3203 750 3268 iam
774 3204 962 3269 oblitterata
990 3208 1023 3291 et
1050 3206 1226 3274 sordentia:
1256 3210 1383 3276 nullum
1407 3212 1447 3276 sit

198 3369 225 3394 ,κ
305 3312 440 3378 uerbum
463 3311 555 3376 uelut
577 3310 727 3396 rubigine
751 3310 920 3396 infectum,
943 3312 1023 3378 nulli
1047 3335 1160 3379 sensus
1183 3316 1276 3383 tarda
1300 3319 1332 3381 et
1354 3317 1446 3382 inerti

307 3421 468 3484 structura
491 3418 525 3482 in
553 3438 675 3482 morem
704 3417 869 3482 annalium
898 3425 1149 3506 componantur;
1176 3422 1295 3506 fugitet
1321 3423 1445 3488 foedam
1458 3435 1481 3474 2⁵

208 3525 210 3530 ’
310 3528 343 3591 et
365 3524 790 3609 insulsam-scurrilitatem,
817 3525 922 3590 uariet
945 3527 1224 3613 compositionem,
1252 3551 1311 3594 nec
1339 3553 1445 3596 omnes

378 3726 411 3776 37
435 3719 521 3773 rubor
540 3735 569 3778 s:
592 3718 693 3774 rubore
712 3724 745 3784 ⁰3
768 3735 807 3773 aa
829 3718 913 3773 rubor
932 3719 1044 3791 etegit?
1081 3721 1090 3792 ll
1127 3727 1160 3776 38
1179 3740 1236 3776 non
1253 3728 1292 3777 H:
1312 3729 1404 3778 necti
1437 3725 1445 3796 Η

306 3807 340 3856 30
358 3801 486 3856 uidemus
506 3800 580 3856 enim
598 3801 710 3870 scripsi:
730 3798 883 3854 uiderimus
903 3803 945 3870 011
960 3809 993 3857 40
1011 3800 1041 3855 in
1060 3803 1195 3869 quantum
1214 3818 1242 3861 ςι
1261 3802 1375 3872 inquam
1394 3813 1413 3860 0

377 3882 425 3936 22.
454 3886 470 3935 0
494 3879 618 3934 eiusdem
644 3878 746 3934 aetatis
771 3881 895 3934 oratores
918 3887 957 3936 H:
982 3883 1107 3937 oratores
1131 3882 1233 3938 aetatis
1257 3885 1381 3940 eiusdem
1399 3893 1421 3940 s
1436 3887 1444 3958 ll

308 3968 322 4016 7
340 3960 514 4031 lecticrcset
532 3959 647 4015 latiores
667 3963 736 4031 ς118
752 3958 845 4014 senior
863 3961 920 4015 iam
934 3969 972 4016 1:
992 3961 1050 4016 iam
1069 3962 1161 4017 senior
1174 3970 1198 4016 u
1211 3967 1221 4035 11
1236 3973 1268 4021 10
1283 3985 1335 4021 usu
1354 3967 1443 4034 (detto

306 4044 370 4111 que)
390 4042 535 4097 Krautius
565 4042 575 4110 ΙΙ
608 4048 639 4096 11
664 4044 739 4096 esset
757 4058 786 4100 s:
811 4044 892 4098 esto
919 4047 929 4114 ΙΙ
958 4050 991 4099 14
1010 4045 1076 4113 apte
1100 4046 1129 4098 et
1146 4045 1306 4103 Acidaliae:
1326 4049 1444 4114 opt...ct
1498 4047 1502 4055 '

305 4127 329 4175 x
353 4124 432 4191 optet
450 4128 488 4182 11,
512 4123 522 4191 ΙΙ
559 4127 592 4175 lt
615 4123 729 4188 fortusse
746 4121 850 4192 possis:
875 4126 918 4179 est
941 4124 1019 4178 uelut
1042 4126 1097 4192 (set
1114 4124 1193 4180 uelut
1212 4127 1369 4194 Michaelis)
1387 4127 1396 4196 Ιξ
1415 4133 1443 4182 17

306 4202 415 4258 lautum
433 4204 561 4273 Lipsiusz
584 4201 769 4256 laudatumo
797 4205 807 4274 ΙΙ
833 4211 868 4260 20
887 4202 1063 4274 supellectile
1081 4209 1105 4256 s
1135 4207 1146 4276 ΙΙ
1179 4213 1212 4260 22
1233 4208 1264 4260 ut
1283 4223 1341 4275 asp.
1361 4211 1400 4260 u:
1419 4207 1444 4260 st

307 4299 365 4352 asp.
384 4289 408 4336 s
442 4285 446 4352 1
480 4282 569 4337 libeat
587 4283 730 4353 Apricolc:
756 4282 879 4338 liceato
906 4287 916 4354 ΙΙ
946 4291 981 4338 23
1001 4287 1128 4341 arcentor
1146 4288 1256 4356 scripsi:
1280 4289 1442 4341 arcenturo

307 4364 455 4416 arceantur
474 4363 591 4433 Ls'psius
610 4367 615 4432 Ι
641 4362 784 4418 sordentia
801 4367 912 4436 scripsi:
932 4364 1039 4420 olentia
1057 4372 1076 4419 0
1099 4369 1109 4438 ΙΙ
1135 4373 1170 4424 24
1189 4365 1267 4420 uelut
1285 4366 1443 4424 Riaeucaus:

307 4441 353 4496 uel
373 4444 463 4511 01126
483 4443 667 4499 scurilitatem
687 4449 718 4514 0,
737 4461 806 4500 corr.
826 4461 842 4503 s
