3296 5168
329 437 371 501 98
658 437 949 492 COMMENTARIVS
969 435 1142 492 GRITICVS.

328 596 444 734 ¹rniriihtiee
473 598 597 732 laragust.
647 615 745 654 uocem
773 602 922 668 temporum
948 598 983 652 ob
1012 613 1124 652 eausam
1152 595 1269 666 periisse
1295 597 1472 669 perspicuam

340 695 373 733 ae
406 695 438 733 us
458 695 502 734 ere
524 695 548 734 o.

401 783 434 831 10
456 792 509 845 quo
533 777 611 831 modo
633 781 723 831 tameu
745 777 888 830 mimimmu
915 790 989 829 usus.
1031 775 1246 829 corroborantur
1272 791 1345 828 nune
1369 775 1472 844 priora,

328 857 402 911 unde
416 856 625 912 manifestumst
638 857 738 911 salsum
754 873 813 911 esse
828 861 929 920 tamem
949 871 999 924 pro
1014 871 1070 922 quo
1084 856 1155 909 euim
1169 855 1359 924 Heumannas,
1377 856 1474 910 deiude

328 937 461 1004 Haasius,
481 941 571 990 autem
589 935 743 1006 Michaelis,
762 937 850 1005 ipitur
870 934 901 988 a.
921 933 1076 990 Schoellius
1091 935 1275 990 coniecerunt.
1303 935 1345 991 ita
1364 936 1473 990 codices

328 1017 460 1072 differunt
477 1017 511 1070 ut
528 1021 556 1069 lt
575 1021 676 1083 tamem,
697 1017 794 1070 eontra
810 1019 835 1068 lt
853 1017 918 1069 iude
935 1015 1096 1085 praebeant.
1134 1016 1205 1070 mira
1228 1017 1298 1071 haec
1317 1012 1474 1069 differentia

330 1097 464 1168 explicari
483 1099 593 1162 tantum
612 1098 708 1166 potest
726 1115 759 1152 ex
782 1097 935 1167 exemplari
953 1095 1148 1163 Henoehiano‚
1173 1096 1202 1150 in
1225 1113 1281 1165 quo
1300 1096 1407 1150 seilicet
1425 1094 1474 1149 ali-

328 1178 396 1247 quid
415 1177 549 1248 seriptum
568 1175 655 1230 fuerit
672 1176 774 1232 litteris
793 1176 1011 1244 obscurioribus,
1030 1176 1105 1243 quod
1123 1193 1175 1245 pro
1193 1180 1232 1231 iia
1250 1178 1295 1246 (=
1310 1178 1411 1246 tumea)
1430 1192 1474 1230 ac·

328 1259 435 1328 ciperet
448 1263 483 1327 tt,
502 1275 553 1328 pro
573 1263 605 1314 rie
630 1261 673 1327 (ε
692 1259 766 1324 iude)
785 1262 816 1312 n.
855 1255 984 1310 ductibus
1008 1255 1090 1310 simul
1114 1258 1143 1310 et
1160 1257 1316 1312 sententiae
1336 1256 1475 1312 satisfacit

327 1348 464 1416 uidelicet,
484 1347 559 1417 quod
578 1348 689 1404 saeculo
707 1347 759 1402 XV
778 1346 941 1402 abbreuiare
961 1345 1090 1400 solebant
1108 1349 1151 1402 ui.

399 1442 432 1491 21
456 1440 553 1508 optimi
575 1444 602 1494 et
623 1440 655 1494 iu
677 1444 810 1508 quantum
833 1452 902 1506 opus
924 1438 963 1488 eu
985 1435 1158 1490 disertissimi
1179 1437 1245 1491 uiri.
1286 1434 1475 1506 Nipperdeius

328 1516 435 1653 ἑίξὲιοιὲ
462 1537 488 1588 p.
508 1520 574 1591 342]
600 1517 735 1589 praetulit
759 1521 792 1573 iu
816 1522 1070 1596 quantumlpatest
1097 1517 1172 1585 quod
1194 1519 1269 1572 recte
1293 1519 1394 1587 postea
1415 1517 1475 1587 ipse

399 1694 433 1740 22
457 1690 482 1744 si
504 1693 554 1743 aut
579 1705 630 1744 uos
650 1689 794 1760 primibus
819 1688 934 1743 sareulis
959 1692 1009 1742 aut
1034 1687 1078 1742 sut
1103 1703 1169 1757 quos
1190 1688 1324 1742 miramur
1347 1688 1390 1742 tis
1413 1689 1476 1742 uati

330 1772 414 1821 esseut
433 1784 465 1821 ae
483 1768 670 1838 deus'aiiquis
688 1771 762 1823 uitas
781 1784 814 1823 ac
831 1773 924 1824 uestra
942 1773 1062 1836 tempora
1080 1771 1187 1836 reperite
1206 1773 1342 1822 mutasset.
1364 1766 1413 1839 ,in
1432 1767 1475 1821 his

328 1847 393 1899 ante
412 1845 507 1900 omnia
525 1849 643 1902 monebo
665 1847 704 1917 (id
724 1848 799 1916 quod
818 1846 957 1902 neminem
976 1847 1042 1900 dum
1061 1847 1202 1900 monuisse
1225 1841 1320 1916 miror)
1340 1863 1426 1916 praue
1445 1864 1474 1901 se

328 1924 432 1979 habere
451 1925 522 1980 illud
541 1943 573 1981 ae
591 1928 664 1982 deus.
702 1928 725 1981 si
744 1925 819 1981 enim
839 1929 888 1980 aut
905 1929 1068 1995 praesentes
1088 1929 1212 1981 oratores
1227 1927 1320 1980 uetere
1335 1929 1384 1980 aut
1403 1927 1474 1980 auti·

328 2004 376 2072 qui
407 2006 515 2059 recenti
546 2007 672 2076 tempore
700 2009 782 2061 eran‘t
808 2007 881 2072 nati,
915 2005 981 2073 quid
1009 2005 1067 2058 iam
1095 2022 1164 2074 opus
1194 2009 1254 2060 erat
1281 2007 1333 2061 deo
1361 2006 1412 2062 illo
1441 2024 1474 2060 ex

327 2085 478 2140 machina?
521 2086 613 2140 ortum
636 2087 704 2156 puto
727 2085 805 2156 prius
829 2102 862 2142 ae
879 2101 919 2138 'ex
941 2085 1104 2154 posteriore.
1142 2085 1182 2140 eis
1211 2103 1282 2156 quae
1307 2085 1367 2141 fieri
1393 2086 1475 2141 licuit

265 2215 267 2218 .
326 2182 488 2235 perrarum
507 2167 644 2237 naturam,
663 2165 847 2238 pertertium
866 2170 916 2220 aut
935 2164 1038 2220 adiecit
1056 2165 1200 2222 Maternus
1225 2169 1309 2237 poeta
1329 2168 1472 2238 poetieam

328 2262 362 2301 ex
391 2247 456 2316 logo
482 2246 605 2316 quodam
630 2246 751 2317 Aesopia
774 2246 898 2316 leporem
926 2246 972 2316 (ef.
1000 2247 1132 2302 Horatius
1161 2265 1241 2303 serm.
1265 2247 1278 2301 Ι
1302 2255 1330 2315 1,
1356 2254 1388 2302 15
1401 2251 1473 2319 sqq).

297 2351 299 2356 ¹
327 2345 498 2398 quamquam
520 2329 568 2382 uel
591 2328 651 2397 ipse
674 2329 742 2384 deus
765 2328 794 2382 iu
815 2328 911 2398 partes
929 2329 1047 2383 uocatus
1064 2327 1137 2382 nihil
1154 2327 1249 2398 potuit
1267 2328 1376 2383 efficere
1396 2329 1474 2385 aliud

327 2423 411 2476 quam
430 2409 464 2461 ut
480 2408 670 2477 praesentium
690 2410 719 2463 et
736 2408 862 2463 ueterum
877 2405 951 2460 uitas
965 2422 998 2461 ae
1018 2406 1146 2476 tempora
1161 2409 1290 2464 mutaret.
1319 2409 1473 2464 rectissime

326 2486 413 2557 igitur
431 2487 559 2541 Halmius
580 2491 609 2543 et
626 2487 659 2543 a.
680 2488 836 2544 Schoellins
856 2487 997 2542 eiecerunt
1011 2503 1109 2542 uooem
1125 2487 1354 2543 molestissimum
1367 2494 1473 2554 uestem

325 2584 415 2636 neque
434 2566 587 2637 quidquam
605 2567 737 2638 prodesse
754 2566 824 2622 mihi
839 2565 971 2622 uidentur
989 2568 1149 2622 commenta
1163 2568 1260 2637 qualia
1273 2569 1338 2624 sunt
1352 2568 1474 2625 Bsklreri

326 2648 401 2701 uitas
425 2653 518 2701 uestra
543 2663 576 2702 ae
600 2653 722 2714 temporo
747 2647 797 2700 aut
821 2641 918 2700 Haasii
944 2648 1018 2701 uitas
1037 2663 1070 2700 ae
1088 2651 1209 2716 tempora
1226 2653 1327 2703 uestra.
1371 2645 1473 2702 melius

292 2720 297 2728 ’
327 2726 440 2795 quidem
465 2725 613 2797 proposuit
635 2726 810 2782 Andresenus
833 2731 926 2781 uetera
949 2728 1041 2795 (uuita
1063 2726 1208 2798 Meiserus)
1237 2745 1269 2783 uc
1294 2733 1387 2783 uestra
1409 2732 1473 2782 tem·

322 2821 404 2876 paru,
420 2809 508 2862 sedet
521 2807 597 2863 uitas
611 2824 644 2863 ue
657 2812 778 2878 tempora
792 2805 897 2877 optime
911 2804 1037 2875 iungitur
1052 2809 1080 2861 et
1094 2808 1130 2862 ob
1144 2808 1236 2878 ipsam
1251 2805 1474 2863 conlocationem

327 2893 419 2943 uestra
441 2887 536 2959 potius
560 2888 737 2960 glossematis
760 2887 857 2943 mouet
879 2883 1070 2958 suspitionem.
1091 2919 1124 2927 -
1143 2887 1228 2958 paulo
1246 2890 1313 2958 post
1329 2886 1473 2941 Acidalius

328 2967 430 3022 maluit
447 2971 543 3024 modus
561 2974 586 3024 et
604 2965 840 3038 temperamentum
858 2965 911 3041 (iu
929 2965 1143 3042 certamiuibue>
1161 2969 1297 3035 defuisset.

226 3082 249 3119 c.
269 3064 306 3120 42
398 3071 411 3119 1
441 3067 573 3124 Finierat
601 3067 761 3133 Maternus,
789 3082 851 3122 eum
877 3065 1009 3120 Messala.
1040 3062 1179 3120 inutiliter
1208 3065 1385 3121 coniecerunt
1414 3070 1472 3122 tum

326 3145 510 3216 Puteolanus,
533 3149 579 3203 cui
601 3147 733 3202 Ritterus.
756 3147 840 3201 -in
863 3146 917 3200 fine
941 3145 1035 3199 autem
1058 3145 1159 3214 eapitis
1180 3163 1242 3202 ema
1261 3148 1316 3217 (eri)
1334 3145 1363 3200 in
1383 3151 1472 3202 autem

326 3227 384 3297 (a'u)
413 3227 533 3284 correxit
559 3226 802 3282 Weissenbornius
831 3225 949 3296 optime:
988 3223 1079 3278 minus
1111 3225 1297 3294 probabiliter
1329 3224 1473 3282 deleuerat

326 3309 456 3364 uocalam
474 3306 653 3363 Puteolanus.

397 3406 438 3462 Ea
457 3421 527 3476 qaae
546 3405 731 3474 praecedite.
751 3410 785 3459 35
806 3406 875 3460 extr.
891 3433 922 3444 -
938 3407 970 3458 41
991 3401 1037 3457 fin.
1057 3402 1146 3458 oratio
1165 3421 1232 3458 num
1249 3399 1370 3460 Materni
1389 3408 1470 3473 esset·

325 3485 408 3541 multi
430 3487 458 3540 in
483 3484 689 3541 dubitationem
712 3484 853 3542 uocabant
875 3483 911 3540 ob
935 3499 1034 3538 causas
1062 3483 1161 3554 postea
1188 3484 1393 3555 disceptandas.
1441 3486 1470 3538 et

326 3565 467 3622 Steinerue
491 3564 604 3634 quidem
628 3566 657 3622 in
680 3569 888 3638 programmate
913 3562 1113 3620 Orueeuacensi
1136 3581 1161 3620 a.
1183 3571 1250 3621 1863
1275 3565 1365 3620 bonae
1383 3565 1471 3636 frugis

325 3647 410 3717 pleno
429 3649 506 3718 (nam
524 3645 652 3717 Lipsium
669 3647 745 3702 idem
764 3647 900 3714 sensisse,
918 3660 975 3700 non
993 3643 1083 3700 ausim
1101 3645 1247 3700 adfirmare
1265 3644 1295 3698 iu
1312 3646 1394 3701 tanta
1413 3647 1471 3703 eius

326 3728 474 3782 uerborum
498 3726 678 3798 obscuritate)
702 3727 776 3783 iuter
794 3727 889 3797 capita
910 3732 943 3781 41
965 3726 994 3780 et
1012 3732 1045 3782 42
1064 3726 1158 3797 ipsum
1176 3722 1297 3778 Materni
1314 3741 1470 3781 sermonem

326 3805 514 3875 intercidisse,
538 3823 572 3861 ea
595 3808 690 3861 autem
714 3822 786 3875 quae
810 3822 883 3860 nuno
907 3807 966 3862 eius
986 3823 1045 3862 esse
1065 3805 1243 3860 crederentur
1262 3803 1390 3860 Secundo
1411 3804 1471 3860 uin·

326 3887 446 3943 dicanda
462 3891 529 3942 esse
552 3885 665 3955 statuit;
689 3886 861 3956 accessitque
882 3885 1009 3943 Steinero
1027 3883 1231 3942 Weinkauifiue
1250 3885 1279 3940 in
1299 3884 1397 3941 subtili
1414 3884 1469 3938 dis-

324 3967 471 4038 putatione
489 3967 527 4037 [p.
542 3965 864 4038 LXVIII—LXXXIV}
893 3966 1023 4024 similiter
1036 3965 1094 4022 ia'm
1109 3964 1142 4021 U.
1157 3963 1297 4022 Beckerus
1312 3965 1356 4034 (ei.
1373 3963 1471 4021 Orellii

325 4048 391 4104 edit.
415 4066 439 4104 a.
466 4052 534 4103 1830
560 4065 589 4118 p.
608 4053 641 4103 95
653 4049 723 4118 sqq.)
747 4045 834 4103 uerba
857 4063 874 4102 a
900 4066 923 4104 e.
944 4053 977 4105 st
997 4049 1064 4103 extr.
1088 4061 1174 4115 usque
1194 4045 1230 4100 ad
1249 4062 1271 4101 e.
1291 4052 1325 4101 40
1344 4046 1469 4100 admoue-

327 4131 393 4184 tuut
410 4128 548 4184 tribuerat
563 4127 698 4197 Secundo,
717 4128 826 4197 reliqua
839 4129 905 4200 post
923 4128 1060 4193 lacunam,
1079 4141 1163 4194 quam
1180 4128 1333 4196 praeeunte
1351 4122 1472 4194 sumpsit

324 4207 502 4277 Heumanno,
520 4206 658 4275 Maiarum
684 4207 717 4264 el.
737 4209 766 4263 et
783 4207 960 4264 Andresenus
981 4207 1020 4278 [p.
1037 4211 1087 4260 163
1098 4206 1179 4278 sqq.].
1207 4223 1291 4276 quam
1310 4203 1470 4276 opinionem

324 4286 441 4342 alteram
469 4304 532 4342 enm
559 4286 617 4343 iam
645 4304 729 4358 supra
751 4306 778 4358 p.
804 4293 837 4343 et
866 4305 900 4344 ex
927 4286 982 4344 loci
1006 4284 1083 4342 illius
1109 4288 1211 4342 natura
1236 4285 1470 4352 damnatissimus,

324 4369 422 4428 eontra
445 4367 602 4424 Steinerum
625 4385 699 4424 nuuc
716 4367 899 4438 pugnandum
917 4368 966 4424 est.
1005 4367 1053 4436 qui
1070 4367 1192 4439 primum
1211 4367 1241 4422 iu
1259 4383 1292 4424 eo
1311 4367 1470 4434 ostfalaos,

247 4469 249 4474 ¹
323 4447 399 4515 quod
416 4447 540 4504 codicem
559 4448 761 4505 Famssiannm
779 4449 845 4504 ante
864 4465 887 4506 o.
906 4454 941 4504 42
960 4446 1046 4504 uerba
1063 4449 1175 4517 {inierat
1188 4450 1333 4504 Muteruus
1351 4446 1469 4504 lacunae

323 4525 404 4596 signa
427 4527 557 4583 exhibere
582 4528 733 4586 contendit.
775 4529 851 4599 quod
873 4529 905 4585 ut
930 4526 967 4584 eit
988 4544 1099 4597 nerum,
1128 4543 1296 4598 quamquam
1321 4524 1470 4582 Michaelis
