3296 5168
476 369 765 424 COMMENTARIVS
785 369 951 424 CRITICVS
972 371 1001 424 C.
1021 377 1108 428 5-6.
1324 371 1367 436 55

221 538 270 597 est,
291 532 366 600 quod
385 531 451 584 huic
470 530 551 585 alteri
571 531 694 586 membro
713 529 855 584 firmitatis
874 531 980 599 aliquid
1001 548 1034 586 sc
1056 530 1164 585 roboris
1183 532 1263 594 addit
1282 532 1367 600 (Vah-

220 610 300 664 lenus
318 611 477 680 nuperrime
496 628 577 681 quarn
601 628 646 666 reo
669 617 694 666 et
714 612 887 680 periclitanti
909 613 1074 681 eloquentia,
1097 608 1187 683 <quoe
1206 611 1268 684 nr>
1285 630 1366 681 prue-

220 690 324 744 sidium
342 691 480 760 coniecit).

293 777 327 824 29
345 772 390 825 uel
412 773 444 825 in
467 773 572 826 iudicio
589 773 648 826 sine
666 802 698 813 -
719 773 785 827 siue.
822 787 889 841 prae
912 770 1015 826 Mureti
1034 772 1228 826 emendatione
1247 771 1366 842 Nipper-

220 851 300 905 deius
330 851 437 921 [opusc.
461 869 488 920 p.
512 856 564 905 etr
588 849 661 921 sqq]
690 849 792 906 maluit
813 853 858 905 uel
877 882 909 890 —
929 851 973 906 uel
993 882 1025 890 —
1044 853 1116 920 ω’ωος
1144 852 1223 907 cuius
1245 852 1367 906 uidenda

219 931 354 985 accurata
371 929 534 999 disputatio.

292 1015 327 1064 39
351 1012 400 1080 qui
422 1012 560 1065 acaunus
583 1015 608 1064 et
629 1009 734 1064 minen.
777 1009 852 1064 credi
874 1027 963 1080 paene
989 1013 1097 1081 nequit,
1124 1029 1212 1082 nuper
1234 1013 1367 1066 Peterem

220 1092 327 1145 certam
345 1090 437 1144 Ursini
456 1090 680 1145 emendationem
699 1089 848 1159 spreuisee3
868 1093 950 1160 puto,
969 1093 1001 1145 ut
1019 1091 1183 1147 Marcellum
1197 1108 1262 1146 uere
1277 1108 1366 1145 arma-

219 1174 281 1225 tum
301 1186 389 1238 eoque
408 1169 587 1225 minaciorem
605 1170 635 1223 in
654 1170 753 1223 senatu
771 1169 876 1224 faceret
893 1171 1063 1239 loquentem.
1094 1171 1167 1226 male
1187 1174 1281 1226 autem
1301 1189 1365 1226 con—

218 1251 325 1317 tendit,
344 1268 400 1319 qun
418 1252 447 1304 et
464 1251 561 1305 minuc
579 1267 636 1304 non
654 1249 725 1304 bene
745 1249 828 1304 coire.
865 1251 932 1319 quid
951 1251 1026 1305 enim
1045 1252 1194 1318 quominus
1211 1254 1265 1307 hoc
1284 1252 1366 1307 colon

219 1336 245 1385 et
263 1332 326 1399 tito)
343 1332 441 1385 minuc
458 1347 508 1400 pre
529 1347 557 1384 se
576 1329 699 1400 positum
717 1347 859 1386 sumamus
877 1330 1027 1400 prohibet?

292 1417 308 1464 2
334 1428 391 1466 non
416 1428 472 1466 ωηο
497 1413 590 1480 aliquo
616 1414 758 1476 monento,
787 1412 833 1465 sed
855 1412 980 1466 omuibus
998 1428 1086 1480 prope
1111 1412 1205 1466 diebus
1228 1429 1262 1465 uc
1278 1428 1367 1480 prope
1385 1430 1408 1466 c.
1427 1414 1446 1466 6

218 1493 346 1546 omnibus
363 1493 444 1546 loric
482 1495 558 1546 recte
577 1490 653 1560 prius
668 1507 755 1560 prope
777 1491 807 1544 in
830 1491 1034 1545 dubitationem
1058 1491 1172 1546 uocauit
1190 1492 1365 1546 Andresenus

220 1571 261 1641 [p.
283 1571 360 1642 170]‚
379 1573 477 1640 utpote
496 1570 638 1641 cogitandi
657 1570 766 1640 legibus
784 1588 955 1640 repugnans:
975 1571 1111 1638 quidquid
1131 1571 1258 1626 omnibus
1277 1589 1365 1641 prope

219 1652 297 1706 horis
317 1652 475 1720 contingat,
499 1651 655 1706 necessario
674 1651 786 1706 euenire
810 1649 937 1704 omnibus
956 1649 1063 1706 diebus.
1101 1668 1192 1718 nequa
1210 1651 1276 1706 huic
1295 1652 1366 1705 uitio

219 1731 327 1787 mederi
345 1732 413 1786 licet
431 1731 593 1786 coniciendo
613 1733 678 1786 locis
697 1731 752 1800 (uel
771 1731 852 1799 foris)
871 1748 923 1799 pro
941 1731 1029 1785 toris:
1052 1731 1144 1786 solum
1163 1735 1273 1801 tempus
1292 1749 1366 1786 com-

219 1812 371 1882 memorari
389 1811 500 1882 flagitat
517 1812 687 1881 praecedens
705 1827 762 1866 non
780 1827 836 1865 uno
855 1811 948 1879 aliquo
966 1817 1104 1866 momento.
1134 1812 1183 1866 sed
1202 1813 1256 1866 hoc
1274 1813 1366 1882 ipsum

220 1893 301 1947 colon
328 1893 459 1947 accurate
485 1907 654 1960 perpensum
681 1893 837 1946 monstrare
865 1890 942 1944 uiam
970 1891 1006 1945 ad
1034 1891 1242 1961 reciperandum
1269 1908 1366 1946 uerum

219 1975 295 2041 (nam
312 1973 472 2025 Andreseno
491 1970 613 2024 breuiter
631 1988 729 2027 uocem
747 1971 954 2026 incommodam
975 1971 1082 2025 delenti
1100 1972 1233 2026 accedere
1252 1972 1363 2026 demum

218 2053 298 2119 iicet,
326 2052 350 2105 si
377 2051 480 2104 frustm
505 2052 645 2120 temptata
673 2053 738 2105 eunt
766 2049 850 2104 solita
874 2050 1022 2120 remedia),
1050 2051 1160 2104 monuit
1185 2050 1367 2121 Steudingius

219 2133 345 2186 omuibus
362 2146 480 2201 prorsus
503 2131 598 2184 elietus
619 2147 785 2200 proponens.
827 2131 927 2185 melius
950 2134 1019 2200 puto
1042 2131 1116 2185 inter
1139 2148 1167 2185 se
1188 2131 1291 2201 opponi
1310 2148 1366 2185 uno

220 2213 314 2280 aluno
332 2211 362 2265 et
380 2211 505 2264 omnibus
519 2227 613 2279 porro.
642 2211 717 2264 haud
731 2228 794 2264 raro
808 2212 903 2264 autem
919 2226 973 2264 uox
986 2226 1072 2278 porro
1091 2210 1162 2264 abiit
1179 2210 1209 2262 in
1223 2228 1289 2278 pro;
1310 2227 1365 2278 quo

219 2293 295 2346 sacto
319 2294 535 2346 consentaneum
562 2293 605 2346 est
627 2307 715 2359 prope
738 2292 893 2344 correctum
917 2306 984 2344 esse.
1031 2289 1106 2356 quod
1131 2289 1205 2343 enim
1233 2290 1293 2360 ipsa
1321 2306 1365 2344 res

220 2371 307 2426 nimia
325 2371 438 2425 effertur
457 2370 686 2442 exaggeratione,
707 2387 772 2425 sane
792 2369 936 2424 ferendum
959 2372 1008 2425 est.

292 2457 325 2505 12
344 2452 464 2505 tornines
485 2456 586 2506 ueteres
609 2455 634 2505 et
655 2467 729 2505 senes
754 2456 778 2505 ct
801 2453 885 2506 totius
911 2451 985 2504 orbis
1009 2450 1103 2519 pratia
1125 2451 1265 2505 subniuoe.
1309 2468 1366 2505 non

218 2549 302 2602 posse
325 2538 426 2586 ueteres
451 2533 482 2586 et
503 2547 577 2585 senes
599 2533 632 2585 ut
656 2548 811 2600 synonyma
834 2530 963 2599 copulari
991 2531 1097 2584 certum
1122 2531 1178 2596 est;
1202 2547 1266 2584 nam
1291 2530 1365 2597 quod

219 2615 286 2668 noto
301 2611 434 2682 loquendi
448 2627 550 2682 genere
564 2614 666 2680 poetae
675 2616 754 2665 uetus
763 2627 843 2665 senen
857 2609 1021 2665 similiterue
1036 2610 1210 2681 coniungunt
1223 2609 1366 2664 hominem

220 2693 328 2747 uictum
346 2691 524 2758 debilemque
544 2693 656 2746 senecta
675 2692 870 2762 significaturi,
891 2691 963 2745 nihil
981 2691 1017 2744 ad
1036 2707 1102 2745 rem.
1144 2707 1196 2745 nec
1215 2707 1281 2744 uero
1300 2691 1366 2743 sunt

220 2778 321 2827 ueterec
343 2771 398 2824 uiri
421 2772 549 2824 uetustae
573 2771 741 2836 nobilitatis,
765 2772 851 2824 immo
872 2771 948 2841 ipsos
968 2770 1117 2838 designant
1135 2770 1262 2824 maiores.
1301 2767 1364 2822 aliis
1474 2809 1482 2828 .

219 2854 313 2907 autem
332 2849 425 2905 uerbis
444 2850 519 2904 idem
537 2849 585 2904 hic
604 2849 674 2904 dicit
687 2852 762 2920 Aper
776 2868 859 2918 quam
875 2849 959 2919 paulo
974 2850 1040 2903 ante
1060 2849 1100 2903 sic
1117 2850 1179 2903 illos
1197 2850 1266 2916 quin
1284 2851 1365 2902 irnrno

219 2934 298 2987 orbos
316 2938 341 2986 et
360 2933 501 2999 locupletes
520 2936 546 2985 et
562 2935 694 2999 potentem
717 2929 791 2984 unde
814 2947 871 2984 non
894 2929 1066 2996 sequendum
1088 2927 1246 2980 Acidalium
1256 2933 1365 2994 ¹ueteres

219 3013 301 3068 obelo
319 3014 466 3066 notantem
489 3013 550 3064 tam
573 3008 753 3063 manifestum
777 3011 820 3064 est
842 3025 927 3076 quam
945 3005 1138 3077 Hauptianum
1159 3011 1295 3061 senatores
1313 3024 1363 3075 pro

219 3110 292 3148 senes
310 3090 481 3146 reiciendum
500 3106 568 3143 esse.
606 3089 705 3144 melius
723 3089 856 3144 Heinsius
875 3093 976 3142 ueteres
994 3087 1115 3140 mutauit
1132 3086 1161 3139 in
1179 3087 1288 3152 diuites,
1307 3086 1365 3140 alia

219 3189 329 3240 quoqne
348 3171 441 3225 minus
459 3168 618 3240 probabilia
632 3172 674 3238 (ut
688 3171 810 3239 caelibes)
826 3168 974 3224 coniciens.
1006 3169 1127 3222 cetemm
1142 3166 1277 3220 traditum
1291 3168 1364 3222 orbis

218 3252 333 3320 retinui,
353 3251 406 3306 etsi
423 3249 515 3305 fateor
532 3249 635 3304 habere
654 3267 709 3317 quo
728 3251 840 3320 placeat
861 3249 1047 3302 Pithoeanum
1066 3247 1150 3302 urin.

292 3337 324 3385 16
343 3332 415 3400 quod
437 3331 468 3384 iel
490 3330 624 3399 pendium
646 3331 836 3398 consurgendi.
873 3329 995 3382 latinum
1018 3327 1086 3394 quid
1107 3331 1182 3382 esset
1201 3326 1289 3382 sensit
1306 3345 1363 3381 cor-

218 3413 310 3468 rector
328 3411 416 3465 Italus
435 3411 466 3464 id
484 3401 602 3465 in'illud
620 3411 764 3478 refingens.
802 3410 920 3464 tortasse
939 3407 1089 3462 Henochus
1108 3409 1132 3462 p
1152 3408 1193 3461 ita
1216 3407 1365 3476 scripserat

219 3497 251 3547 ut
269 3492 305 3546 ab
323 3493 354 3547 eo
373 3490 421 3544 uix
439 3490 642 3546 discerneretur
661 3491 706 3560 (ct.
727 3506 811 3558 supra
829 3487 865 3543 ad
884 3505 906 3542 c.
925 3494 955 3556 4,
975 3493 990 3542 9
1010 3490 1127 3556 notata).
1160 3488 1256 3554 itaque
1274 3505 1364 3554 neque

218 3574 249 3626 id
267 3572 381 3626 auctore
404 3570 560 3624 Puteolano
584 3569 785 3624 eliminandum
808 3585 899 3636 neque
923 3585 985 3621 cum
1004 3569 1164 3621 Andreseno
1184 3567 1258 3620 male
1276 3566 1363 3636 quid?

218 3652 291 3720 quod
307 3650 441 3721 gaudium
459 3649 670 3704 restituendum.
971 3637 976 3648 '

292 3737 324 3784 17
344 3729 531 3796 circumfundi
544 3744 642 3783 coram.
672 3727 841 3784 sustentauit
859 3728 913 3782 hoc
927 3729 1024 3781 contra
1037 3723 1160 3780 Acidalii
1174 3726 1361 3779 coniecturam

219 3811 304 3880 uulgo
323 3810 467 3879 receptam
485 3825 613 3864 coronam
631 3807 774 3863 Vahlenus
797 3807 840 3861 ita
861 3810 894 3861 ut
914 3823 1005 3860 coruus
1024 3805 1177 3875 explicaret
1198 3803 1270 3872 ‘ipso
1290 3805 1363 3872 aspi-

218 3890 310 3944 ciente
329 3893 451 3956 oratore3
476 3889 554 3942 cuius
578 3889 687 3943 animus
712 3889 780 3956 quid
803 3905 837 3942 ex
860 3905 892 3941 eo
918 3904 1053 3941 concursu
1072 3885 1217 3940 hominum
1235 3883 1363 3938 laetitiae

218 3969 355 4040 percipiat
374 3969 517 4024 declarare
536 3970 631 4024 studet
644 3970 745 4039 Aper’3
766 3968 937 4038 collegitque
953 3965 1094 4021 Handium
1112 3967 1142 4019 in
1161 3964 1318 4018 Tursellino
1337 3962 1363 4015 ΙΙ

218 4069 245 4120 p.
271 4057 330 4104 197.
375 4049 474 4103 melius
502 4052 596 4104 autem
624 4050 733 4104 retento
761 4065 852 4104 corum
879 4050 932 4102 hoc
961 4044 1136 4102 enuntiatum
1163 4062 1249 4097 unum
1277 4044 1363 4098 habet
1446 4103 1448 4110 ¹

219 4132 374 4185 subiectum
389 4131 532 4198 populun.
557 4160 590 4168 —
614 4129 781 4199 paulopost
804 4128 958 4198 spreuimus
981 4127 1082 4182 falsum
1107 4125 1263 4180 Andreseni
1288 4141 1361 4178 com·

218 4212 344 4265 mentum
362 4226 550 4279 quencumque
571 4215 666 4264 orator
688 4211 814 4264 uoluerit.
857 4208 934 4262 cuius
954 4207 1143 4261 dubitationes
1164 4206 1229 4276 [em.
1249 4224 1275 4275 p.
1297 4205 1361 4274 109]

219 4291 251 4342 ut
270 4290 347 4344 nullo
365 4288 480 4359 negotio
499 4288 664 4344 refelluntur
682 4287 801 4342 aliorum
820 4287 987 4357 scriptorum
1008 4286 1078 4340 locis
1098 4286 1143 4354 (cf.
1163 4285 1217 4339 Cic.
1239 4285 1273 4338 de
1292 4285 1361 4339 orat.

219 4369 303 4437 1145,
320 4374 370 4423 189
385 4386 425 4436 sq.
445 4370 474 4423 et
487 4368 671 4423 Horatianum
693 4367 763 4421 illud
777 4369 802 4421 si
815 4369 860 4422 uis
878 4385 919 4422 rne
932 4370 1007 4435 flere,
1026 4368 1170 4422 dolentium
1188 4370 1226 4420 est
1239 4366 1362 4433 prinlum

219 4450 275 4518 ipsi
292 4451 346 4504 titi
363 4449 475 4517 aliaque
493 4447 606 4518 multa),
627 4447 669 4502 ita
687 4449 806 4502 uoluerit
824 4446 859 4501 ab
879 4446 929 4501 illo
948 4445 1101 4518 repositum
1120 4446 1269 4517 propterea
1288 4446 1362 4500 stare
