3270 5168
281 381 323 445 14
802 380 924 437 'from

278 549 396 629 poetas
425 549 521 630 atque
549 547 728 613 carminum
755 547 898 612 studium
926 542 1157 632 prosterneret)
1185 547 1254 610 arte
1285 543 1424 629 quadam
1452 540 1466 579 ⁵

278 652 457 738 mitigauit,
484 653 687 720 concedendo
715 653 756 718 iis
783 654 839 742 qui
867 677 981 719 causas
1004 675 1101 740 agere
1123 675 1190 718 non
1213 655 1361 736 possent,
1388 653 1426 715 nt

277 781 390 825 uersus
418 760 572 827 facerent.
614 781 675 847 ego
703 764 813 826 autem
841 761 924 827 siout
942 762 985 846 jn
1008 762 1114 827 causis
1138 759 1272 845 agendis
1295 759 1423 825 efficere

278 866 400 951 aliquid
424 872 457 933 et
480 868 561 933 eniti
583 869 722 934 fortasse
745 889 895 954 possum,
916 867 964 934 ila
983 869 1172 934 recitatione
1186 865 1425 952 tragoediarum

278 977 312 1038 et
333 973 461 1062 ingredi
483 975 606 1040 famam
629 974 814 1058 auspicatus
837 997 923 1060 sum,
951 997 1024 1040 curn
1052 975 1181 1060 quidem
1204 975 1239 1038 in
1261 973 1425 1039 Neronem

277 1081 460 1166 improbam
489 1085 523 1146 et
553 1081 734 1146 studiorum
762 1103 891 1168 quoque
921 1103 1013 1148 saera
1043 1081 1271 1165 profanantem
1298 1079 1424 1146 Vatinii
1439 1083 1465 1121 ¹⁰

275 1189 459 1270 potentiam
483 1188 581 1274 fregi,
610 1192 643 1254 et
670 1188 766 1254 hodie
790 1188 818 1254 si
842 1189 918 1274 quid
941 1188 1037 1254 nobis
1060 1188 1197 1254 notitiae
1221 1211 1259 1254 ao
1281 1187 1424 1253 nominis

244 1363 251 1378 ‚
278 1301 342 1382 est,
364 1298 469 1382 magis
493 1297 633 1363 arbitror
656 1297 836 1362 carminum
858 1317 956 1380 quam
970 1297 1155 1362 orationum
1169 1295 1274 1380 gloria
1287 1298 1424 1380 partum

276 1427 314 1470 ac
337 1403 403 1470 iarn
426 1425 479 1468 me
503 1402 671 1488 diiungere
695 1404 973 1496 aforensilabore
987 1402 1155 1486 constitui,
1177 1424 1237 1467 neo
1250 1403 1424 1468 comitatur

276 1513 357 1575 istos
380 1513 413 1574 et
436 1531 585 1596 egressus
605 1515 661 1576 aut
679 1511 892 1596 frequentiam
908 1510 1121 1576 salutantium
1135 1510 1424 1595 concupisco,·non

276 1617 383 1703 magis
398 1639 495 1702 quam
510 1639 586 1682 aera
600 1621 634 1682 et
646 1619 815 1704 imagines,
825 1640 907 1702 quae
921 1618 1020 1684 eliam
1034 1639 1085 1682 me
1098 1617 1231 1682 nolente
1243 1617 1279 1680 in
1292 1617 1424 1682 domum
1438 1615 1463 1655 ¹⁵

278 1745 384 1789 meam
407 1724 609 1808 inruperunt
650 1746 727 1788 nam
751 1727 875 1788 statum
890 1725 1069 1809 capitisque
1088 1724 1294 1790 securitatem
1308 1722 1423 1788 melius

276 1831 462 1897 innocentia
475 1834 570 1895 tueor
584 1852 682 1914 quam
698 1831 894 1915 eloquentia3
913 1853 973 1896 nee
992 1853 1106 1896 uereor
1118 1852 1160 1895 ne
1175 1829 1256 1895 mihi
1268 1852 1424 1916 nmquam

278 1938 378 2003 uerba
407 1938 442 2002 in
474 1939 590 2002 senatu
617 1937 681 2001 nisi
710 1958 769 2021 pro
798 1937 933 2002 alterins
962 1936 1146 2002 discrimine
1173 1937 1322 2003 facienda
1349 1937 1424 2001 sint

225 2049 410 2115 12nemora
432 2066 510 2109 uero
534 2047 567 2108 et
589 2044 656 2108 luci
684 2048 717 2109 et
740 2048 898 2138 secretum
920 2045 1041 2129 ipsum,
1064 2045 1150 2130 quod
1173 2044 1262 2130 Aper
1281 2045 1423 2128 inorepa-

276 2152 346 2236 bot,
375 2155 506 2217 tantam
536 2151 616 2217 mihi
645 2151 784 2218 afferunt
810 2145 1027 2237 uoluptatem,
1056 2156 1100 2217 nt·
1121 2153 1206 2216 inter
1231 2151 1424 2236 praecipuos

278 2259 458 2324 carminum
481 2258 605 2324 fruetus
633 2281 814 2344 numerem,
842 2259 926 2345 quod
949 2281 1018 2325 non
1039 2260 1075 2325 in
1097 2260 1235 2344 strepitu
1256 2259 1343 2324 ardis
1364 2279 1424 2322 nec

277 2366 407 2431 sedente
435 2369 510 2431 ante
541 2365 662 2431 ostium
690 2367 856 2452 litigatore
876 2387 943 2431 ¹nec
972 2367 1056 2430 inter
1080 2366 1189 2431 sordes
1213 2387 1251 2430 ae
1274 2365 1424 2430 laorimas

275 2494 404 2537 reorum
427 2475 678 2557 componuntur,
696 2473 757 2538 sed
782 2473 902 2538 secedit
925 2474 1052 2537 animus
1076 2473 1110 2537 in
1133 2473 1206 2538 loca
1221 2495 1309 2557 pura
1328 2476 1424 2556 atquc
1451 2493 1464 2533 o

277 2577 462 2652 innocentia
485 2577 665 2664 fruiturque
685 2578 814 2644 sedibus
829 2571 946 2645 sacris.¹
975 2580 1057 2645 haec
1072 2580 1274 2665 eloquentiae
1288 2579 1424 2664 primor-

276 2684 342 2768 dia,
365 2685 445 2750 haec
467 2685 661 2770 penetralia:
689 2685 751 2752 hoo
781 2687 922 2772 primum
949 2685 1064 2752 habitu
1088 2687 1240 2773 cultuque
1263 2709 1423 2752 commen-

276 2790 353 2858 data
374 2792 567 2858 mortalibus
591 2793 625 2858 in
647 2793 705 2860 illa
728 2797 818 2859 casta
841 2796 874 2858 et
895 2795 993 2860 nullis
1018 2797 1169 2860 contacta
1187 2794 1277 2859 uitiis
1292 2797 1424 2878 pectora

276 2898 417 2985 influxit,
439 2900 492 2966 hio
515 2902 646 2966 oracula
672 2902 897 2988 loquebantur.
934 2923 1011 2968 nam
1035 2901 1183 2968 lucrosae
1196 2899 1293 2965 huius
1317 2903 1350 2964 et
1373 2921 1423 2966 sa-

277 3007 421 3090 ginantis
444 3009 647 3093 eloquentiae
671 3031 748 3074 usus
771 3031 883 3074 recens
907 3012 941 3073 et
967 3029 1006 3072 ex
1029 3009 1124 3073 malis
1152 3008 1297 3073 moribus
1324 3010 1463 3072 natus1⁰

278 3117 388 3198 atque,
404 3117 447 3178 ut
469 3116 505 3177 tu
528 3114 671 3199 dicebas,
694 3114 796 3199 Aper,
819 3114 985 3179 inlocum
1010 3113 1069 3178 teli
1091 3117 1252 3198 repertus,
1281 3115 1422 3179 ceterum

277 3218 354 3282 felix
383 3219 463 3284 illud
493 3223 538 3306 et,
567 3223 605 3285 ut
627 3242 717 3287 more
744 3222 858 3287 nostro
881 3221 1009 3306 loquar,
1040 3243 1173 3297 aureum
1201 3221 1366 3286 saeculum
1390 3225 1424 3285 et

275 3328 441 3390 oratorum
464 3330 498 3391 et
519 3327 690 3394 criminum
714 3327 809 3412 inops
831 3328 937 3413 poetis
952 3332 985 3393 et
998 3329 1129 3394 uatibus
1143 3327 1345 3414 abundabat,
1368 3331 1422 3415 qui

275 3432 358 3497 bene
381 3433 468 3498 facta
491 3438 656 3520 canerent,
677 3457 745 3500 non
768 3435 823 3520 qui
847 3435 931 3501 male
955 3436 1097 3502 admissa
1111 3434 1327 3502 defenderent.
1363 3457 1423 3501 nec
1470 3490 1474 3496 .

275 3539 353 3606 ullis
377 3543 434 3604 aut
453 3540 558 3626 gloria
576 3541 681 3607 maior
695 3545 752 3608 aut
766 3543 934 3628 augustior
947 3542 1059 3630 honor,
1080 3543 1222 3628 primum
1237 3543 1321 3629 apud
1336 3543 1462 3629 deos,1⁵

347 3741 362 3789 9
385 3732 416 3788 in
438 3749 572 3789 neronem
589 3740 628 3788 ll:
651 3733 682 3788 in
699 3750 803 3790 nerone
820 3740 849 3788 Ι
878 3737 889 3805 1
922 3743 954 3792 10
973 3735 1080 3792 Vatinii
1098 3736 1269 3792 Gronoaics:
1292 3734 1422 3790 uaticinii

275 3818 365 3886 01111
384 3815 458 3886 fregi
475 3814 560 3869 hodie
578 3812 672 3888 siquid
690 3814 721 3870 in
738 3814 821 3870 nobis
841 3821 873 3885 0,
891 3823 1066 3874 correxerrmt
1079 3815 1196 3887 Lipsiae
1213 3821 1239 3872 et
1252 3815 1419 3888 Acidaliae!

274 3893 396 3948 nominis
416 3909 444 3952 ςι
464 3893 587 3949 numinis
607 3898 697 3967 0113
717 3894 869 3966 deiungere
888 3901 921 3961 0,
939 3897 1069 3965 correxit
1089 3903 1122 3951 14
1140 3894 1325 3950 salutantium
1343 3894 1421 3950 Sobe-

276 3977 342 4032 licr:
362 3973 565 4031 salutationum
584 3976 675 4046 01110
694 3973 852 4046 capitisque
870 3977 982 4046 irrepsi:
1003 3975 1136 4045 cuiusque
1156 3977 1192 4030 ad
1210 3983 1229 4030 0

347 4055 395 4112 12.
416 4061 432 4110 3
451 4053 530 4109 urbis
549 4056 660 4112 addidit
677 4055 834 4125 Sodomae
853 4058 864 4126 1
885 4064 903 4111 4
921 4053 1046 4110 hostium
1064 4061 1083 4109 0
1101 4057 1111 4126 ΙΙ
1129 4061 1145 4112 5
1165 4057 1271 4112 secedit
1288 4061 1327 4110 ll:
1347 4053 1422 4110 sedit

275 4137 318 4204 (ut
334 4138 455 4205 addetur)
473 4137 549 4206 1117
569 4136 623 4190 hoc
641 4142 676 4189 llr
696 4136 766 4190 haec
784 4139 831 4206 111
848 4136 1044 4192 commendata
1057 4138 1196 4194 Monetae:
1216 4134 1397 4192 commodao
1412 4137 1420 4206 11

275 4221 291 4270 8
306 4215 335 4270 in
354 4215 406 4270 illa
418 4220 458 4269 1:
478 4218 507 4270 et
521 4215 636 4287 1110111
650 4222 665 4271 9
680 4215 726 4270 hic
745 4219 855 4288 scripsi:
875 4215 949 4272 sico
966 4218 970 4284 1
987 4214 1145 4286 saginantis
1161 4217 1282 4272 Iumina
1295 4235 1321 4272 o.
1339 4222 1420 4272 1527:

276 4296 471 4367 sanguinantis
480 4301 498 4350 0
507 4296 644 4369 sanguine
653 4296 795 4352 manantis
803 4296 992 4365 Scholtinpioo
1001 4296 1010 4368 11
1021 4302 1094 4352 10ex
1102 4302 1142 4351 1:
1156 4313 1206 4351 om.
1216 4295 1256 4366 llll
1266 4301 1297 4349 11
1305 4296 1421 4363 sonasse

275 4393 372 4432 uerum
386 4381 396 4449 l
411 4383 444 4432 14
463 4375 587 4432 admissa
605 4383 641 4432 ll:
661 4376 766 4432 amissa
783 4378 838 4447 1111
858 4381 889 4430 15
904 4373 970 4432 uuis
984 4381 1024 4431 1:
1042 4377 1117 4431 ullus
1130 4382 1154 4428 10
1170 4378 1174 4444 1
1190 4373 1279 4428 maior
1292 4375 1419 4446 Luem:

276 4475 354 4512 more
373 4460 415 4526 (ct
434 4457 556 4528 uidetur)
577 4463 595 4511 0
616 4456 646 4510 in
666 4473 712 4510 ore
732 4474 792 4513 cram
811 4459 927 4514 lacunae
945 4457 1054 4529 signos
1071 4458 1075 4526 1
1091 4453 1238 4524 angustior
1251 4461 1278 4508 11
