3296 5168
412 437 702 496 COMMENTARIVS
721 441 886 498 calrlcvs
907 443 935 500 C.
955 451 1068 503 32-34.
1275 449 1316 515 91

176 597 287 668 periisse
303 599 513 654 substantinnm
531 599 739 670 animaduertit,
759 618 814 670 que
833 603 984 674 interlapso
1004 622 1038 660 ex
1057 609 1216 663 correctura
1234 609 1318 665 libra·

175 679 275 733 riorum
308 678 446 748 scriptura
478 695 496 732 a
528 679 670 735 codicibus
702 681 807 737 tradita
842 685 1029 753 prouenisset;
1061 686 1192 757 idemque
1225 690 1318 744 uerbis

175 760 256 829 paulo
279 761 345 828 pest
368 759 527 815 extantibus
550 757 607 815 nisi
628 766 660 814 ut
682 762 797 816 scientia
816 792 850 802 —
869 766 980 819 accedat
1002 767 1072 820 bene
1093 767 1122 820 in
1141 770 1250 837 partem
1269 787 1317 824 uo-

175 839 243 893 oatis
268 854 323 894 usu
352 840 470 894 addidit.
516 858 567 896 nos
596 857 680 911 quam
703 840 747 895 1111
775 843 837 898 1000
865 844 1004 898 medelam
1032 846 1230 916 adplicandam
1258 867 1319 905 esse

175 939 237 976 mox
255 922 442 988 ostendemus,
462 921 561 976 eadem
580 923 625 976 hio
645 940 755 993 quoque
769 921 935 978 inseruimus
955 929 1131 995 experientia,
1151 928 1225 999 quod
1243 931 1318 985 certe

174 1004 237 1056 anta
256 1002 435 1071 elequentiam
453 1001 564 1057 10011100
581 1002 696 1057 euanuit
713 1019 798 1071 quam
817 1019 877 1068 usu.
968 1047 971 1054 ,

245 1087 277 1138 18
304 1082 443 1150 percipere
470 1086 508 1135 tot
536 1086 585 1136 aut
612 1083 766 1137 reconditus
792 1088 849 1137 tarn
875 1085 974 1140 uanas
1000 1102 1050 1143 res.
1097 1087 1231 1143 Italomm
1259 1107 1318 1144 cor·

175 1164 299 1216 secturae
321 1166 361 1216 tot
382 1179 434 1216 rec.
460 1167 509 1216 aut
531 1166 590 1216 tunt
613 1160 894 1232 Muretuspraetulit
916 1168 1114 1235 1011001000,
1138 1173 1194 1224 tam
1212 1172 1319 1238 uarias,

175 1243 355 1302 Heumannus
374 1246 413 1296 tot
430 1257 482 1296 ree.
502 1258 535 1296 ac
552 1247 622 1307 tam,
641 1241 770 1297 Halmius
789 1247 828 1296 tet
846 1249 903 1297 tam
921 1261 972 1300 rec.
991 1252 1106 1317 tamque.
1134 1249 1227 1304 lecum
1246 1251 1320 1306 inter

176 1340 203 1378 10
222 1327 271 1377 aut
293 1323 323 1376 01
346 1326 403 1376 tarn
425 1323 535 1376 mutare
557 1321 627 1376 inssi
645 1321 768 1378 remedie
793 1322 934 1380 lenissime
954 1327 995 1392 et,
1017 1329 1050 1381 at
1068 1330 1144 1397 puto,
1164 1331 1318 1400 aptissime.

244 1408 277 1456 19
298 1407 387 1471 petest
409 1403 467 1456 nisi
489 1407 520 1456 ut
542 1402 678 1457 scientiae.
725 1402 818 1458 delere
846 1402 928 1458 iussit
950 1405 1095 1461 Acidaliae
1123 1410 1253 1465 uoculam
1279 1417 1318 1466 ut.

174 1483 218 1537 cni
234 1480 338 1537 rationi
356 1484 426 1551 pute
444 1482 588 1550 praestare
607 1483 664 1536 nisi
681 1483 777 1538 01001.
811 1501 876 1538 nam
895 1486 970 1554 apud
989 1485 1110 1541 Plinium
1129 1488 1210 1558 epist.
1230 1492 1256 1545 Il
1277 1498 1318 1560 11,

177 1564 301 1618 tereste
325 1561 434 1616 codices
457 1578 514 1616 non
537 1561 733 1616 contemnendi
751 1563 886 1618 omittant
908 1570 951 1631 ut,
976 1567 1050 1636 apud
1070 1567 1273 1633 Quintilianum
1294 1571 1319 1624 V

177 1649 216 1712 10,
235 1648 269 1697 51
288 1642 425 1697 toleratur
445 1640 557 1709 quidem
575 1658 649 1696 nunc
668 1641 847 1698 coniunctum
865 1645 923 1698 nisi
940 1647 1052 1713 ut;.sed
1071 1647 1116 1702 hio
1135 1665 1245 1721 quoque
1264 1653 1320 1708 nisi

173 1725 212 1778 sic
229 1728 261 1777 ut
278 1722 431 1792 reponendi
450 1721 539 1777 existo
558 1724 663 1778 auctor.

244 1809 279 1857 20
298 1803 428 1870 facultati
445 1804 490 1856 uis
509 1803 675 1871 eloquentiae
693 1804 811 1858 accedat.
849 1805 969 1860 correxit
991 1807 1062 1862 haec
1081 1825 1164 1864 sensu
1183 1811 1321 1867 destituta

174 1882 317 1939 Acidaliae
342 1898 376 1937 co
398 1881 473 1950 qnod
495 1898 547 1951 pro
569 1883 615 1936 uis
637 1885 764 1951 reposuit
786 1901 852 1940 usus
875 1885 958 1955 (unde
982 1883 1134 1957 Tyrwhit'ti
1161 1891 1321 1947 coniectura

173 1964 256 2034 paulo
280 1964 346 2018 ante
374 1962 488 2028 adlata).
536 1963 565 2016 01
592 1978 659 2016 rasus
688 1978 751 2017 cum
779 1965 866 2034 uulgo
895 1970 967 2021 esset
992 1974 1149 2038 receptum,
1181 1969 1320 2041 Sauppius

175 2043 287 2116 [Philol.
314 2042 380 2096 XIX
406 2059 434 2110 p.
463 2042 529 2112 262]
558 2042 727 2111 superfluum
755 2045 812 2101 iam
840 2046 1059 2117 languidumque
1088 2066 1172 2117 quam
1200 2053 1320 2108 maxime

172 2124 397 2180 additamentum
429 2124 595 2191 eloquentiae
627 2140 642 2177 0
674 2124 751 2178 textu
785 2125 876 2180 eiecit.
923 2126 963 2181 010
996 2126 1128 2182 nimirum
1161 2131 1321 2186 coniectura

174 2203 266 2275 gignit
285 2202 483 2258 coniecturam.
511 2203 616 2257 rectius
634 2203 722 2273 igitur
740 2204 789 2272 qui
803 2204 874 2258 artis
890 2209 1041 2276 praccepta
1059 2207 1187 2274 sequitur
1206 2211 1328 2281 statuet,
1379 2257 1390 2280 ,

173 2286 274 2340 falsam
298 2300 357 2338 0000
381 2283 497 2338 curandi
524 2283 674 2351 rationem,
703 2300 774 2352 quae
802 2283 851 2337 uni
878 2284 940 2339 leco
964 2285 1031 2340 dum
1057 2286 1194 2341 medelam
1223 2288 1322 2346 afferat

173 2367 292 2421 alterum
315 2363 456 2430 relinquat
478 2362 625 2417 intactum.
668 2362 816 2417 emendaui
838 2364 884 2418 uis
906 2366 1102 2432 asperientiae,
1127 2369 1201 2434 qued
1223 2387 1273 2424 sua
1292 2388 1321 2426 00
1384 2427 1389 2438 ,

173 2444 352 2502 commendat
370 2443 400 2497 et
416 2441 557 2496 facilitate
576 2444 605 2495 et
623 2444 798 2512 oportunitat
816 2487 821 2497 .

244 2530 279 2579 tt
303 2525 340 2580 ad
368 2539 412 2578 ecs
440 2523 647 2577 sancitationes
668 2530 828 2591 uenturum,
858 2542 928 2595 quae
948 2527 1082 2594 propriae
1109 2533 1134 2582 et
1162 2535 1321 2586 meatuum

172 2607 312 2662 uidentur.
359 2621 415 2660 non
443 2601 592 2671 adquiesco
621 2602 649 2658 in
677 2604 709 2658 lt.
736 2605 884 2675 Agricolae
912 2605 1121 2676 emendatione,
1150 2625 1235 2678 quam
1263 2628 1321 2666 am-

173 2688 335 2757 plectuntur
362 2682 497 2751 editores,
525 2699 594 2752 quae
612 2685 745 2752 propriae
772 2703 826 2741 esse
854 2691 993 2741 0101000111
1017 2688 1160 2755 uidentur,
1183 2690 1255 2746 miro
1278 2692 1321 2748 in-

175 2766 315 2834 solitoque
334 2762 468 2832 loquendi
487 2779 588 2832 genere
608 2762 735 2820 offensus.
778 2779 834 2820 cur·
851 2766 925 2820 enim
945 2766 1059 2821 Tacitus
1078 2784 1133 2822 nen
1151 2771 1264 2841 scripsit
1282 2772 1322 2828 sio

174 2847 206 2901 ut
225 2846 350 2900 centiens
370 2844 466 2900 (licere
486 2843 589 2912 aliique
609 2842 735 2898 scribunt
753 2863 821 2915 quae
830 2848 965 2915 propriae
982 2853 1048 2901 sunt
1064 2853 1222 2905 crateram?
1255 2854 1323 2921 quid

174 2926 227 2982 sibi
250 2926 313 2980 uult
335 2925 409 2996 illud
432 2925 580 2979 uidentur?
618 2921 717 2976 deinde
740 2924 809 2978 artis
832 2925 1085 2995 palaeographicae
1109 2929 1237 2996 spectans
1258 2949 1322 3000 pro-

175 3005 353 3061 habilitatem
376 3003 474 3059 inille
498 3008 659 3058 ornatorum
685 3003 759 3071 (cum
783 3004 957 3074 corruptelae
981 3021 1131 3075 progressu
1158 3015 1322 3066 ornaturum

174 3087 261 3142 habet
282 3087 317 3155 11)
342 3083 419 3138 aliud
442 3083 549 3153 aliquid
573 3084 663 3139 101010
686 3083 834 3153 intellego:
865 3085 999 3154 propriae
1024 3091 1048 3139 et
1075 3094 1177 3142 ornat.
1195 3131 1200 3142 .
1216 3131 1222 3143 .
1239 3133 1245 3144 .
1260 3107 1322 3146 era·

173 3173 263 3222 terum
281 3167 425 3233 uidentur;
445 3165 529 3220 solite
547 3163 692 3220 oculorum
712 3163 887 3219 aberratione
907 3163 1037 3220 librarius
1062 3166 1117 3222 duo
1136 3168 1275 3224 uocabula
1293 3171 1322 3225 in

175 3264 262 3302 unum
281 3246 422 3301 conflauit.
460 3248 489 3300 et
507 3245 583 3315 prior
600 3261 656 3298 0011
673 3261 746 3298 nunc
765 3243 911 3300 decurtata
925 3245 1017 3315 qualis
1030 3245 1089 3301 fere
1103 3246 1198 3317 fucrit,
1216 3248 1324 3305 indicat

174 3328 266 3398 ipsum
285 3327 431 3392 uidentur,
448 3325 581 3380 nimirum
600 3341 670 3395 quae
682 3327 814 3394 propriae
827 3328 1012 3382 samnatrices
1026 3332 1165 3383 oratorum
1183 3331 1322 3386 uidentur.

175 3408 291 3462 uerbum
309 3423 367 3461 non
385 3405 458 3459 addo
477 3404 507 3459 in
526 3405 722 3461 emendatione
742 3409 848 3475 aperta.

247 3492 279 3541 19
312 3487 360 3555 qui
391 3487 489 3555 sacient
521 3488 699 3556 eloquentiae,
733 3502 790 3540 non
826 3487 971 3554 imapinem
1006 3492 1167 3554 praestaret.
1216 3487 1245 3541 in
1279 3489 1422 3547 11100114

175 3567 356 3637 expediendis
379 3566 479 3620 misere
504 3583 533 3621 se
555 3569 695 3634 torquent.
742 3563 832 3619 ueluti
858 3564 974 3619 Hessius
1003 3567 1101 3632 faciem
1129 3583 1267 3620 summam
1296 3569 1326 3622 01

175 3649 330 3718 perlectam
345 3646 523 3716 eloquentiae
538 3646 659 3716 speciem
679 3644 809 3713 (‘Urbild,
828 3642 944 3711 Ideal’),
963 3644 1110 3712 imaptnern
1129 3643 1325 3699 adumbratam

175 3728 299 3784 eiusdem
315 3726 528 3782 similitudinem
538 3724 691 3794 l‘Abbild')
704 3723 913 3792 interpretatur.
942 3739 1040 3778 uerum
1054 3739 1105 3778 nec
1119 3725 1205 3790 facies
1218 3725 1323 3779 nudum

176 3826 226 3879 per
245 3826 274 3864 00
291 3809 372 3862 illam
389 3807 476 3862 habet
495 3805 728 3876 significationem
749 3805 778 3858 01
795 3804 878 3873 plane
897 3803 995 3857 eadem
1020 3803 1105 3858 etiarn
1126 3805 1217 3874 inape
1235 3805 1325 3857 utitur

177 3891 221 3956 (ut
244 3889 331 3944 babet
354 3887 450 3942 Cicero
474 3888 620 3956 inopinae
649 3881 825 3955 antiquitatis
849 3884 954 3938 intueri
976 3883 1159 3954 similiaque)=
1186 3885 1272 3951 facies
1296 3888 1325 3939 et

177 3971 281 4039 inape,
301 3968 356 4023 nisi
375 3966 478 4022 additis
495 3967 589 4021 uerbis
607 3965 715 4022 idoneis
733 3964 857 4034 grauiter
875 3963 948 4018 inter
968 3981 997 4018 se
1017 3965 1219 4032 discemuntnr,
1240 3963 1323 4032 plane

178 4051 244 4103 sunt
262 4064 429 4118 synonyma,
453 4064 524 4117 quae
548 4065 602 4102 non
626 4046 695 4101 licet
716 4045 837 4100 intense
860 4042 1067 4113 opponere(of.
1087 4059 1186 4112 01031Ι
1208 4041 1323 4108 Quintil.

177 4127 229 4182 XII
247 4133 272 4195 6,
292 4134 310 4182 4
328 4132 366 4181 est
384 4133 474 4182 tamen
491 4129 623 4196 proprius
641 4127 753 4196 quidam
771 4125 828 4191 feri
848 4124 1001 4192 prefectus,
1025 4124 1083 4178 elia
1102 4125 1164 4189 lucc,
1188 4125 1246 4178 alia
1264 4124 1326 4178 ueri

177 4209 348 4264 discriminis
366 4208 469 4277 fades).
506 4209 581 4276 quod
595 4207 655 4277 ipse
670 4206 811 4275 significat
824 4203 939 4258 Peterus
955 4203 995 4258 010
1009 4202 1151 4272 explicans
1164 4203 1324 4273 germanice

179 4287 241 4344 ‘dns
265 4287 431 4357 (wirkliohe)
455 4287 571 4342 Gesioht
594 4287 644 4340 der
667 4283 890 4348 Beredsamlreit,
915 4283 994 4338 nicht
1021 4285 1107 4338 deren
1131 4283 1244 4354 (blosse)
1266 4284 1323 4337 Ab·

177 4369 318 4438 bildung’.
354 4385 389 4422 ne
408 4367 509 4421 malta:
535 4365 683 4421 manifesta
696 4367 765 4436 pato
780 4363 939 4420 emendatio
954 4364 996 4418 001
1013 4363 1087 4432 quiq,
1107 4363 1198 4420 aciens.
1227 4361 1323 4416 taedet

179 4447 338 4503 adscribere
361 4463 444 4515 quarn
468 4462 551 4516 saepe
574 4461 684 4516 pugnae
711 4446 740 4499 et
761 4441 1323 4515 0010110030100001010011011101010

178 4529 208 4589 et
231 4526 434 4603 eloquentiam:
463 4524 567 4587 01111011
589 4525 726 4582 indicasse
750 4542 773 4582 o.
792 4531 827 4580 31
850 4539 904 4599 que
926 4523 1037 4593 saepius
1058 4523 1159 4577 steterit
1183 4525 1322 4601 tamquam
