3270 5168
545 406 724 464 DIALOGVS
743 407 772 462 G.
792 412 905 462 38-40.
1251 403 1292 465 41

158 573 238 638 haec
261 572 379 638 dicenti
403 577 460 638 aut
483 574 565 638 alter
588 573 713 639 assistit
736 577 769 638 et
791 595 842 638 res
866 574 958 638 uelut
980 573 1014 638 in
1032 571 1205 637 solitudine
1227 570 1294 654 agi·

158 684 219 758 tur.
256 681 377 746 oratori
391 678 510 745 'autem
532 681 672 746 clamore
694 682 870 765 plausuque
894 702 973 765 opus
997 681 1047 744 est
1064 681 1097 742 et
1110 678 1200 743 uelut
1218 698 1295 760 quo-

117 808 144 849 15
159 789 233 852 dam
252 787 393 872 theatr03
417 789 523 872 qualia
541 789 683 873 quotidie
702 787 841 873 antiquis
861 785 1043 852 oratoribus
1059 784 1298 869 contingebam,

158 918 231 960 cum
255 898 307 960 tot
329 895 450 978 pariter
473 917 509 960 ac
532 899 600 960 tam
622 894 749 960 nobiles
772 895 879 959 iorum
893 896 1090 979 coartarent,
1113 915 1185 958 cum
1200 891 1297 957 clien-

158 997 245 1068 telae
272 1023 398 1086 quoque
421 1024 458 1066 ac
480 1003 584 1067 tribus
608 1006 641 1067 et
663 1002 910 1086 municipiorum
935 1001 1034 1067 etiam
1057 999 1235 1085 legationes
1259 1020 1295 1063 ac

159 1131 235 1193 pars
258 1108 371 1174 Italiae
398 1109 653 1193 periclitantibus
677 1105 853 1193 assisteret,
881 1131 953 1174 cum
976 1109 1011 1174 in
1034 1109 1196 1193 plerisque
1219 1105 1299 1171 iudi-

160 1217 218 1282 ciis
242 1215 382 1281 crederet
403 1215 542 1300 populus
557 1216 724 1282 Romanus
748 1239 807 1282 sua
830 1217 984 1282 interesse
1009 1216 1085 1302 quid
1098 1215 1299 1280 iudicaretur.

118 1343 146 1382 ao
161 1324 240 1388 satis
263 1325 390 1388 constat
413 1321 448 1388 O.
471 1320 655 1388 Cornelium
680 1327 713 1388 et
734 1324 777 1389 M.
802 1322 956 1389 Scaurum
980 1326 1012 1388 et
1035 1322 1071 1387 Τ.
1089 1321 1243 1387 Milonem
1268 1324 1300 1385 et

129 1515 133 1519 η
159 1428 194 1494 L.
217 1427 362 1494 Bestiam
385 1432 418 1493 et
435 1429 471 1494 P.
488 1429 657 1495 Vatinium
682 1453 840 1496 concursu
863 1431 964 1495 totius
988 1425 1187 1512 ciuitatiset
1210 1449 1299 1493 accu·
1383 1421 1387 1428 ’

158 1539 246 1628 satos
270 1539 304 1601 et
324 1535 490 1620 defensos,
517 1540 554 1601 ut
576 1535 804 1620 frigidissimos
828 1557 953 1621 quoque
976 1539 1120 1601 oratores
1142 1536 1213 1620 ipsa
1236 1557 1299 1602 cer-

157 1645 260 1708 tantis
287 1643 398 1727 populi
426 1643 534 1708 studia
561 1644 700 1708 excitare
728 1647 760 1708 et
782 1644 952 1709 incendere
974 1644 1146 1728 potuerint.
1190 1643 1299 1727 itaque

159 1750 288 1814 hercule
312 1749 469 1847 eiusmodi
492 1750 567 1815 libri
592 1773 719 1836 quoque
742 1755 854 1817 extant
876 1755 912 1816 ut
935 1751 999 1836 ipsi
1017 1751 1071 1836 qui
1085 1753 1219 1836 egerunt
1232 1772 1298 1816 non

52 1883 63 1896 ·
115 1879 145 1920 as
160 1857 233 1922 aliis
256 1857 362 1940 magis
385 1857 583 1922 orationibus
606 1860 805 1923 censeantur.
840 1859 905 1922 iam
928 1879 1004 1923 uero
1028 1857 1193 1923 contiones
1217 1858 1296 1922 assi·
1304 1867 1353 1933 40

157 1964 240 2030 duae
272 1965 304 2027 et
337 1963 447 2028 datum
479 1965 529 2028 ius
561 1965 823 2048 potentissimum
852 1987 1009 2051 quemque
1037 1966 1176 2030 uexandi
1204 1968 1299 2050 atque

157 2071 229 2154 ipsa
255 2069 498 2134 inimicitiarum
526 2071 643 2155 gloria,
671 2094 742 2136 cum
771 2094 805 2136 se
832 2073 963 2156 plurimi
991 2073 1184 2137 disertorum
1212 2095 1253 2136 ne
1281 2097 1300 2137 a

159 2176 194 2241 P.
217 2176 344 2261 quidem
364 2175 513 2260 Scipione
536 2180 593 2243 aut
609 2179 649 2244 L.
669 2177 759 2243 Sulla
781 2182 838 2243 aut
852 2176 910 2243 On.
924 2178 1080 2262 Pompeio
1099 2179 1302 2243 abstinerent

136 2288 195 2347 set
226 2283 267 2347 ad
296 2283 502 2349 incessendos
534 2283 694 2368 principes
726 2286 829 2369 uiros,
861 2288 897 2348 ut
929 2288 979 2348 est
1004 2287 1122 2348 natura
1150 2285 1301 2369 inuidiae,

162 2389 278 2474 pulpiti
296 2412 421 2476 quoque
444 2394 482 2455 ut
498 2391 674 2456 histriones
694 2393 818 2457 artibus
832 2394 1011 2476 uterentur,
1035 2395 1191 2476 quantum
1211 2393 1302 2458 ardo·

162 2518 230 2560 rem
261 2497 414 2586 ingeniis,
446 2521 526 2582 quas
545 2498 740 2586 ¹oratoribus
772 2498 859 2563 faces
888 2498 1119 2565 admonebant!
1169 2521 1236 2565 non
1262 2500 1301 2564 de

160 2603 265 2667 otiosa
293 2606 326 2668 et
353 2605 462 2689 quieta
489 2627 524 2669 re
552 2606 714 2690 loquimur
742 2609 774 2670 et
800 2627 881 2690 quae
904 2605 1064 2691 probitate
1089 2609 1121 2671 et
1143 2608 1303 2674 modestia

161 2711 312 2795 gaudeat,
340 2713 396 2776 sed
424 2715 474 2776 est
502 2733 620 2797 magna
647 2713 704 2777 illa
730 2717 764 2777 et
790 2713 942 2778 notabilis
966 2714 1150 2798 eloquentia
1173 2713 1303 2778 alumna
1334 2755 1338 2764 ·

123 2831 148 2870 1⁰
161 2818 322 2902 licentiae,
345 2840 441 2902 quam
465 2819 558 2882 stulti
580 2819 765 2902 libertatem
787 2819 945 2901 oscitant,
968 2840 1075 2883 comes
1100 2819 1303 2902 seditionum,

160 2925 307 2990 effrenati
334 2925 447 3009 populi
474 2905 733 3008 incitamentum,
766 2925 834 2989 sine
863 2925 1032 3008 obsequie,
1061 2924 1128 2988 sine
1156 2925 1305 3014 ueritate,

159 3035 331 3099 contumax
359 3033 529 3097 temeraria
557 3053 726 3117 arrogans,
754 3053 834 3116 quae
857 3032 892 3096 in
913 3030 994 3096 bene
1018 3031 1203 3096 constitutis
1227 3032 1303 3097 ciui·

159 3141 282 3204 tatibus
314 3162 381 3205 non
413 3140 523 3205 oritur.
574 3161 669 3224 quem
698 3141 783 3206 enim
812 3144 974 3206 oratorem
1005 3137 1303 3224 Lacedaemonium,

160 3269 255 3332 quem
278 3245 465 3312 Cretensem
489 3248 692 3332 accepimus?
742 3271 877 3334 quarum
906 3248 1075 3313 ciuitatum
1099 3248 1304 3340 seuerissima

123 3371 147 3411 15
161 3354 333 3439 disciplina
360 3357 393 3418 et
421 3353 643 3418 seuerissimus
671 3354 759 3439 leges
791 3355 972 3420 traduntur.
1022 3377 1063 3418 ne
1090 3354 1304 3422 Macedonum

162 3461 290 3546 quidem
320 3483 356 3526 ac
383 3460 555 3525 Persarum
585 3465 642 3526 aut
668 3461 766 3526 ullius
794 3462 913 3545 gentis,
942 3483 1024 3545 quae
1051 3464 1140 3527 certo
1168 3462 1303 3546 imperio

160 3571 312 3634 contenta
334 3568 447 3652 fuerit,
475 3567 692 3652 eloquentiam
715 3567 874 3632 nouimus.
920 3549 1041 3630 Rhodii
1064 3566 1209 3651 quidam,
1235 3569 1303 3652 plu-

160 3675 235 3740 rimi
263 3675 478 3740 Athenienses
507 3677 651 3740 oratores
680 3674 869 3757 extiterunt,
897 3671 981 3755 apud
1009 3692 1089 3755 quos
1113 3673 1223 3736 omnia
1245 3696 1302 3755 po·

161 3783 270 3867 pulus,
294 3782 403 3848 omnia
417 3781 575 3866 imperiti,
601 3780 722 3865 omnia,
745 3782 782 3843 ut
796 3779 842 3844 sic
856 3779 1003 3862 dixerim,
1018 3799 1129 3842 omnes
1143 3780 1304 3862 poterant.

233 4000 265 4050 18
285 3994 449 4049 assisterent
467 3993 619 4050 erertarirts
631 3991 641 4060 ΙΙ
655 3995 690 4046 24
708 3988 821 4045 hercule
839 3994 875 4044 N:
898 3990 993 4045 hercle
1011 3995 1038 4044 1
1054 3992 1059 4060 Ι
1074 3990 1139 4044 libri
1158 3990 1255 4043 extant
1273 3991 1306 4042 ut

160 4073 215 4144 ipsi
233 4091 342 4143 quoque
362 4073 410 4143 qui
429 4079 463 4141 0,
481 4075 588 4130 correct
1262 4071 1263 4076 ’

231 4153 279 4210 40.
302 4162 320 4210 4
338 4153 368 4209 L.
387 4153 497 4210 addicit
517 4151 634 4208 Ouellica
654 4151 659 4220 Ι
679 4149 752 4218 sylla
770 4154 788 4201 0
810 4152 814 4217 Ι
830 4148 881 4206 Gn.
901 4155 948 4223 rin
966 4159 982 4207 6
1000 4151 1104 4222 pulpiti
1123 4151 1233 4219 sampsi:
1252 4168 1302 4220 po-

159 4232 221 4304 puli
240 4239 258 4286 0
283 4236 288 4303 Ι
313 4234 346 4287 ut
363 4235 502 4294 Hancine:
522 4233 551 4286 ct
568 4238 587 4285 0
608 4236 612 4300 l
634 4231 741 4292 artibus
762 4229 902 4286 Oceanus:
923 4232 1035 4286 auribus
1055 4234 1135 4301 0117
1155 4229 1306 4286 nonenim

162 4316 291 4370 Muretus
304 4317 314 4384 ΙΙ
329 4321 362 4370 10
377 4313 505 4369 uocitant
519 4313 646 4368 Hessius:
661 4311 801 4365 uocabant
816 4316 834 4362 0
849 4313 953 4368 uocant
967 4313 1171 4381 Heamouuasll
1187 4317 1217 4364 11
1233 4311 1304 4364 ueri-

160 4396 219 4448 tate
237 4395 362 4450 Noltc'as:
383 4392 534 4448 seueritate
554 4393 645 4460 01114
663 4392 820 4460 accepimus
840 4406 869 4450 ⁶3:
889 4392 1041 4460 accipimus
1056 4397 1075 4444 0
1092 4394 1096 4461 l
1112 4389 1305 4446 sanctissimae

162 4475 241 4544 leges
260 4475 382 4530 Schedius
395 4478 452 4545 11-15
471 4490 506 4527 ne
526 4488 554 4532 ςε
574 4489 625 4526 nec
645 4476 687 4542 0ss
702 4478 734 4526 16
753 4470 838 4524 ullius
858 4486 887 4530 5:
907 4469 983 4524 illius
1003 4476 1021 4523 0
