3296 5168
408 437 699 493 COMMENTARIVS
719 437 883 493 CRITICVS
903 436 931 491 C.
952 444 1055 494 9-10.
1261 438 1301 502 61
1392 461 1395 466 ·

157 597 341 654 diuersissimi
369 599 478 668 generis
500 601 565 655 sunt
585 597 726 665 notiones3
755 599 804 653 sed
827 598 891 654 ideo
919 599 1004 656 etiam
1032 599 1108 668 prius
1136 599 1304 654 uocabulum

155 695 243 748 praue
267 696 296 734 se
319 678 407 734 habet
429 681 504 748 quod
526 680 631 734 leuium
654 678 818 746 iaculorum,
832 679 919 735 missu
944 682 1010 750 (non
1033 679 1095 749 ipsa
1118 696 1213 735 eornm
1234 680 1303 735 leui-

158 759 230 826 tate)
247 757 424 812 lacertorum
446 758 520 814 uires
543 761 705 814 uanescunt.
748 776 803 813 non
825 759 984 829 proficimus
1008 777 1074 830 ergo
1098 760 1187 814 hilum
1211 759 1304 814 deleta

156 854 228 892 uoce
247 839 336 912 iacta3
358 838 426 907 quin
445 837 485 892 sic
503 837 588 893 ctiam
605 834 715 893 deletur
733 840 920 894 membrorum
938 857 989 909 per
1006 839 1074 894 bina
1092 855 1246 909 synonyma
1263 839 1304 892 in·

158 917 322 972 cedentium
341 917 535 985 aequabilitas.
572 935 658 974 causa
680 917 767 988 igitur
790 918 953 975 intendatur
970 921 999 974 in
1019 937 1116 976 uocem
1136 921 1246 974 leuitate
1262 937 1304 972 re·

158 996 296 1064 positam,
316 1001 348 1053 ut
365 1001 446 1068 puto,
471 998 506 1052 ab
530 1015 562 1054 eo
587 999 637 1068 qui
654 1001 783 1054 uetustae
801 1000 981 1055 membranae
1002 999 1169 1070 scripturam
1189 998 1304 1068 paulum
1335 1031 1338 1036 -

157 1077 340 1132 obscuratam
358 1080 461 1134 ssib‘trs'c
479 1096 534 1133 non
554 1081 598 1134 sat
616 1077 766 1148 expediuit.
807 1080 991 1134 uibrcts'ouem
1009 1081 1044 1134 de
1063 1080 1139 1134 iactu
1157 1078 1208 1133 teli
1225 1095 1302 1132 usur-

155 1157 209 1224 pat
228 1173 269 1210 ex.
289 1175 329 1227 gr.
349 1158 499 1214 Diomedes
518 1159 719 1228 grammaticus
743 1159 782 1230 [p.
802 1164 866 1228 477,
886 1158 972 1230 9Κ.];
995 1161 1110 1215 uibrata
1133 1160 1165 1213 ut
1186 1174 1303 1228 repona-

153 1252 220 1288 mns
246 1238 391 1305 prohibet,
414 1241 447 1293 nt
468 1255 542 1292 nunc
565 1239 711 1305 suntme,
733 1239 826 1293 certae
850 1239 1026 1294 auctoritatis
1050 1240 1179 1294 absentia
1201 1238 1248 1308 (de
1272 1237 1303 1290 li-

153 1315 260 1370 brandi
277 1319 364 1374 uerbo
377 1335 460 1374 nemo
475 1318 614 1388 cogitabit
632 1318 680 1385 qui
698 1317 766 1385 quid
782 1318 857 1374 inter
876 1320 976 1374 ‘telum
990 1319 1111 1374 uibrare'
1129 1321 1158 1373 et
1177 1317 1302 1371 ‘librare'

154 1395 271 1451 intersit
288 1397 400 1466 didicit;
418 1399 585 1470 undeapud
604 1399 723 1454 eundem
740 1397 905 1454 Diomedem
924 1419 951 1470 p.
966 1406 1027 1467 478,
1049 1407 1080 1454 11
1100 1397 1305 1454 emendandum

155 1491 230 1544 quoe
249 1478 420 1534 iurauerant
438 1481 492 1536 tela
509 1482 666 1550 iaciebant).

230 1563 265 1612 26
284 1559 316 1613 iu
334 1560 426 1626 soram
444 1566 469 1615 et
488 1562 526 1616 nd
543 1577 642 1616 causae
660 1565 686 1614 et
703 1559 741 1614 ud
758 1576 825 1615 uera
841 1561 952 1628 praelia
969 1576 1044 1616 coco.
1082 1559 1205 1628 glossam
1224 1563 1249 1612 ct
1267 1557 1305 1611 cd

153 1654 258 1692 causae
275 1637 361 1694 euicit
378 1639 517 1696 Knautius
537 1641 650 1711 [p,11].
680 1637 831 1694 ‘auditoria
845 1643 874 1695 et
891 1641 1015 1696 theatra'
1035 1639 1140 1710 opponi
1154 1637 1210 1692 sibi
1227 1636 1305 1706 flagi-

153 1718 223 1771 tant
249 1715 351 1772 ‘forum
375 1721 404 1773 et
427 1736 495 1774 uera
519 1719 648 1790 praeiia'.
689 1718 816 1773 additum
840 1719 912 1774 illud
934 1739 985 1790 per
1008 1738 1037 1776 se
1061 1717 1304 1787 languidissimum

152 1812 249 1864 neque
272 1813 426 1866 congruens
450 1816 513 1852 cum
536 1816 588 1853 usu
611 1799 726 1854 Taciteo
750 1801 912 1866 (secundum
936 1819 1019 1871 quem
1048 1803 1085 1856 ud
1112 1801 1232 1855 alterum
1256 1799 1304 1852 ab·

152 1875 257 1944 undat)
277 1877 447 1946 redarguunt
465 1877 551 1934 etiam
570 1880 665 1933 cetera
682 1879 808 1934 membra
827 1881 961 1937 concinne
979 1883 1103 1937 fluentia.

230 1960 264 2010 28
291 1959 364 2025 quod
386 1959 525 2027 plerisque
547 1959 751 2027 patrocinatur.
801 1963 871 2029 puta
898 1979 961 2017 cum
989 1964 1153 2032 contemptu
1184 1961 1305 2015 dictum:

152 2041 216 2098 τοῖς
234 2039 359 2104 πολλοῖς,
378 2037 440 2106 qni,
460 2055 523 2092 cum
542 2054 639 2092 causas
658 2055 741 2108 agere
760 2045 913 2113 nequeant,
937 2061 1033 2100 uersus
1056 2041 1172 2098 faciunt.
1213 2038 1305 2108 siquid

153 2116 204 2170 bic
223 2115 396 2186 addendum,
414 2118 512 2173 malim
527 2119 666 2187 plerisque
683 2125 805 2176 antrum
828 2123 874 2192 (cf.
894 2141 977 2192 supra
995 2124 1157 2178 cathmum
1174 2121 1304 2188 murum)

154 2213 242 2266 quarn
261 2197 500 2253 Andresenianum
516 2198 654 2267 plerisque
666 2201 757 2267 poetis
778 2201 843 2272 [em.
863 2221 889 2271 p.
912 2205 984 2274 139}

229 2284 262 2331 31
282 2280 428 2334 meditatus
446 2281 551 2336 uideris
568 2285 619 2334 cut
636 2281 750 2349 clepsisse,
778 2281 858 2336 nulla
875 2282 983 2337 ratione
1002 2280 1185 2335 sustentanda
1204 2279 1306 2333 cocula

155 2363 217 2418 cut.
256 2373 324 2413 suae
343 2360 421 2429 sunt,
440 2359 534 2429 inquit
547 2361 635 2427 sper,
653 2358 847 2415 excusationes
866 2361 981 2428 oratori,
999 2360 1059 2414 siue
1079 2362 1192 2414 coactus
1210 2359 1304 2427 patro-

154 2438 261 2492 cinium
288 2439 412 2508 suscepit
434 2441 463 2494 et
485 2440 514 2494 in
537 2440 667 2508 suscepto
690 2438 810 2494 fideliter
832 2443 959 2496 uersatus
983 2443 1027 2495 est
1049 2440 1108 2494 siue
1131 2439 1160 2492 in
1186 2438 1304 2492 dicendo

155 2518 221 2587 ipso
240 2520 337 2588 raptus
357 2521 400 2574 est
418 2521 516 2576 ardore
536 2537 598 2575 suo:
617 2519 695 2573 nulla
713 2522 872 2588 parata'est
884 2521 938 2576 tibi
957 2519 1107 2587 excusatio,
1126 2517 1174 2587 qui
1189 2521 1218 2573 et
1231 2519 1305 2573 ultro

156 2598 316 2667 suscepisse
331 2599 472 2669 (elegisse)
487 2603 514 2655 et
534 2600 611 2655 domi
624 2601 804 2671 perpendisse
819 2601 991 2671 (meditatus)
1012 2618 1083 2670 quae
1097 2600 1126 2654 in
1139 2600 1305 2655 recitatione

156 2676 266 2747 profers
285 2676 402 2746 uiderim
426 2679 480 2735 tibi
504 2681 600 2736 omnia
622 2680 674 2735 illa
693 2680 778 2736 simui
795 2682 895 2751 cnlpae
916 2682 1019 2736 dantur
1037 2698 1109 2751 quae
1129 2681 1240 2750 singula
1256 2679 1305 2734 de·

156 2758 278 2814 fundunt
297 2762 446 2814 oratorem.
474 2761 615 2816 inuncet
633 2761 750 2829 affirma,
769 2761 867 2816 subtili
887 2761 1074 2816 concinnitate
1092 2763 1239 2815 audactae
1257 2765 1306 2814 out

156 2837 267 2906 elegisse
285 2837 326 2892 eis
344 2856 416 2908 quae
434 2840 605 2909 praecedunt
623 2842 739 2910 opponi!
768 2859 852 2911 quam
870 2839 1013 2895 iudicandi
1030 2840 1242 2910 peruersitatem
1262 2856 1304 2890 re-

157 2917 300 2986 fugientes
320 2918 381 2973 sani
400 2919 489 2975 critici
509 2937 605 2976 omnes
623 2919 752 2975 certatim
770 2927 820 2974 cut
841 2919 1038 2974 eliminabant:
1065 2918 1234 2973 Puteolanus
1258 2917 1306 2971 de·

156 2998 256 3064 londo,
284 2997 404 3053 Thomas
428 3005 502 3069 acte,
526 3001 655 3055 Halmius
679 3002 773 3068 ctiam,
797 2998 917 3053 Haasius
940 3000 1023 3067 bane,
1048 2997 1209 3067 Schopcnus
1232 2997 1305 3050 ultro

157 3078 313 3133 scribendo.
354 3079 426 3134 mihi
448 3081 533 3148 plane
554 3080 743 3137 necessarium
765 3080 878 3134 uidetur
900 3081 929 3133 et
952 3095 1003 3163 W
1026 3095 1055 3132 sc
1078 3078 1114 3132 ob
1133 3095 1196 3133 eum
1221 3093 1305 3144 quem

157 3157 317 3226 significaui
342 3157 570 3230 uupoeliqlscpdv
599 3163 627 3217 et
655 3161 691 3216 ob
714 3159 878 3230 bipartitam
900 3158 982 3213 illam
1010 3158 1177 3215 diuisionem
1200 3157 1230 3211 in
1252 3157 1306 3211 hoc
1327 3163 1331 3168 '

158 3237 309 3292 uerborum
327 3240 439 3294 ambitu
453 3241 641 3311 conspicuam,
661 3240 787 3310 copulari
800 3241 946 3296 meditatus
959 3244 1007 3307 (sc.
1023 3241 1094 3307 esse)
1108 3238 1212 3293 uideris
1226 3241 1306 3306 atquc

157 3317 274 3385 euque.
303 3334 388 3373 causa
405 3323 500 3374 autem
515 3321 689 3391 corruptelae
703 3320 823 3376 fortasse
836 3321 928 3390 ipsum
943 3321 1020 3389 quod
1029 3319 1072 3374 bis
1086 3317 1231 3389 praecedit
1243 3323 1305 3383 cat;

158 3413 329 3466 quamquam
348 3405 397 3454 aut
415 3401 444 3454 et
462 3406 519 3470 atq,-
536 3401 652 3456 nonita
670 3416 733 3455 raro
751 3400 825 3456 inter
844 3417 873 3456 se
892 3400 1106 3456 confunduntur.

231 3479 466 3550 salsamentis
490 3497 523 3535 ec
545 3481 588 3534 lu's
610 3497 742 3536 assensus.
778 3482 929 3554 postquam
950 3479 1041 3534 ticin
1060 3480 1177 3550 uulgata
1194 3481 1225 3533 in
1243 3480 1307 3534 hinc
1380 3523 1385 3538 „

162 3555 244 3625 abiit,
268 3573 302 3612 ec
324 3558 368 3612 bac
390 3560 439 3614 aut
456 3559 582 3614 abiciunt
600 3561 689 3630 (quod
707 3575 766 3616 esse
785 3560 908 3629 glossam
925 3560 1013 3629 ipsius
1031 3560 1108 3615 illius
1126 3562 1190 3616 hinc
1208 3579 1225 3616 e
1242 3579 1307 3616 con-

158 3636 267 3692 iectura
294 3639 417 3694 restituti
443 3640 553 3710 fingunt
583 3639 795 3707 incredibiliter)
827 3641 877 3694 aut
908 3639 985 3693 uarie
1013 3639 1154 3694 inmutant
1184 3641 1307 3708 (ectstcrc

159 3714 299 3785 Muretus,
326 3719 444 3773 excitari
474 3719 612 3789 Schelius,
640 3722 727 3775 ccciii
754 3719 784 3774 F.
808 3719 840 3773 A.
864 3719 1002 3788 Wolfius).
1049 3719 1116 3774 artis
1143 3720 1255 3788 regulas
1283 3719 1307 3772 si

160 3797 315 3867 sequimur,
334 3798 537 3853 continebimus
554 3815 667 3854 manum
685 3800 900 3855 emendatricem
923 3799 954 3854 in
971 3815 1027 3853 una
1045 3800 1147 3854 uocula
1164 3800 1220 3867 bic,
1239 3816 1301 3853 cum

161 3878 326 3945 praesertim
345 3879 405 3947 ipse
424 3879 538 3934 Tacitus
557 3879 601 3933 his
619 3879 712 3934 uerbis
733 3881 769 3951 [c.
789 3886 836 3948 34,
855 3881 884 3951 8]
909 3897 1026 3949 mappae
1048 3897 1081 3935 cc
1103 3881 1153 3934 hoc
1174 3895 1241 3934 usus
1255 3923 1261 3935 .
1277 3922 1305 3937 ..

164 3959 337 4027 coctbspcbut
355 3957 428 4013 illud
447 3975 480 4013 eu
497 3960 541 4014 bis
560 3959 692 4014 defendat
704 3960 873 4029 tueaturque
890 3964 920 4016 et
937 3959 1005 4029 qnid
1018 3959 1177 4029 requiratur
1190 3957 1305 4028 aperiat.

161 4039 234 4093 male
258 4037 334 4092 enim
358 4039 511 4096 anteriores
534 4041 648 4110 quidam
672 4041 829 4109 iterumque
857 4057 947 4110 nuper
969 4040 1102 4096 Meiserus
1129 4041 1214 4095 scatio
1239 4039 1307 4108 quid

115 4183 118 4190 ⁴
161 4120 320 4186 responderi
332 4121 422 4188 possit
439 4121 494 4175 ass:
513 4122 632 4192 inpactis
649 4139 682 4177 ea
700 4123 743 4176 lu's
762 4137 895 4190 cesenates,
915 4121 1140 4189 quandoquidem
1158 4137 1209 4174 nec
1227 4135 1306 4188 prae·
1350 4113 1355 4124 ’

163 4198 258 4254 euntia
279 4198 404 4254 tolerant
426 4199 554 4255 additum
576 4202 619 4256 bis
642 4203 671 4257 et
694 4201 812 4257 uerbum
839 4200 869 4255 in
893 4201 1123 4270 subsequentibus
1148 4201 1190 4253 est
1211 4215 1306 4253 neces·

164 4277 279 4346 sarium;
303 4280 369 4334 hinc
392 4280 479 4334 etiarn
501 4280 592 4339 abicio
611 4281 641 4336 id
660 4279 735 4350 quod
754 4281 814 4350 ipse
833 4280 901 4335 olim
920 4279 1091 4334 conieceram
1112 4279 1180 4348 quid
1197 4294 1305 4347 respon·

163 4357 284 4413 mahir
302 4362 347 4426 (--·
365 4361 511 4429 hocloco)
533 4363 631 4430 possit:
655 4361 895 4431 ingemiscatis
918 4375 1050 4416 assensus.
1091 4375 1164 4420 nune
1187 4359 1249 4414 clici
1272 4374 1305 4412 ex

163 4437 207 4492 lu'c
223 4437 346 4494 feliciter
364 4441 466 4496 eruisse
485 4440 554 4494 mihi
573 4441 678 4497 uideor.
1136 4495 1141 4504 .

234 4525 268 4574 37
288 4521 350 4574 tolle
367 4520 455 4590 igitur
472 4521 571 4590 quietis
588 4525 613 4574 et
630 4523 787 4578 securitatis
804 4524 1012 4578 accusationum
1048 4522 1113 4576 ante
1132 4520 1201 4573 haec
1219 4518 1306 4574 uerba
