3296 5168
405 434 694 492 COMMENTARIVS
715 433 880 491 ORITIGVS
900 434 928 489 Ο.
948 440 1062 490 26-27.
1270 435 1312 500 83

162 598 226 652 eret
251 596 353 666 (solum
377 597 427 651 etsi
448 614 498 668 pro
522 599 568 652 sed
586 600 618 652 ut
636 597 772 653 scribatur
790 615 863 653 nunc
881 597 964 652 uideo
990 596 1184 652 commendare
1208 598 1311 653 Rudol-

160 679 251 754 phum
271 677 455 747 Schoellinm,
475 678 550 746 quod
569 694 626 732 non
643 678 751 756 probo).

237 772 376 837 leparte,
404 768 496 842 inquit
524 768 678 822 Maternus.
718 765 833 822 exhibui
859 767 889 820 in
916 767 995 820 textu
1022 765 1139 820 Useneri
1164 767 1311 823 inuentum
1330 782 1353 820 c.
1373 765 1408 820 27

161 869 181 904 a
206 866 289 919 parce
318 846 507 918 (pmeiuerant
529 846 674 902 Michaelis
698 853 727 903 at
749 847 903 916 parociis,
934 846 1110 901 Andresenus
1131 864 1227 916 parce3
1256 848 1313 902 alia

160 928 212 984 uia
233 927 353 999 ingressi
375 927 552 981 coniecerunt
576 933 692 997 apparet
712 927 859 996 Meiserus,
886 932 916 981 at
937 927 1184 998 paretHalmins,
1210 927 1312 997 quibus

161 1009 301 1064 accedens
320 1006 475 1062 Urlichsius
497 1023 580 1077 porro
603 1014 642 1063 set
655 1010 751 1078 petius
769 1006 917 1076 restituit),
938 1023 1110 1076 quamquam
1129 1007 1244 1062 fortiore
1263 1024 1312 1062 uo·

162 1091 266 1145 cabulo
286 1089 356 1144 mihi
376 1105 445 1158 opus
464 1105 523 1143 esse
542 1087 666 1156 uidetur,
685 1105 740 1156 quo
759 1086 902 1141 Maternus
920 1086 1115 1156 degressurum
1133 1104 1150 1141 a
1168 1088 1312 1158 proposito

160 1171 330 1240 longiusque
363 1163 554 1224 aberraturum
586 1167 615 1222 in
647 1168 724 1222 uiam
755 1165 937 1221 reuocauerit.
988 1166 1113 1222 Ritterus
1141 1167 1313 1236 excogitauit

161 1266 254 1321 apaqc
272 1255 296 1303 te
314 1266 370 1305 non
390 1247 471 1304 male.

238 1343 254 1392 3
273 1339 319 1392 sed
337 1353 436 1392 causes
454 1337 634 1405 acquirimus,
653 1353 721 1406 quae
739 1341 764 1392 tc
782 1338 1025 1394 solitumtrcctare
1040 1339 1212 1407 paniosate,
1229 1339 1314 1406 piane

163 1418 275 1472 mitiore
306 1417 458 1486 eloquentia
489 1421 514 1470 et
545 1421 694 1484 temporum
721 1423 876 1490 nostrerum
906 1421 1024 1474 miratus
1053 1420 1152 1473 iratus.
1203 1416 1313 1472 addidit

163 1497 362 1568 Lipsiuspost
380 1503 443 1551 unte
462 1496 568 1551 alibro
587 1496 717 1566 quodam,
738 1499 846 1553 scilicet
862 1498 1032 1566 interpolato
1050 1496 1190 1567 Parisino,
1214 1498 1313 1553 diuidi

162 1578 339 1646 (Schopenus
359 1577 469 1645 didisti,
493 1593 553 1630 curu
579 1593 658 1646 esses,
683 1576 803 1632 Haasius
827 1579 937 1645 dixisti,
960 1584 1018 1633 turn
1039 1581 1160 1648 quidem,
1184 1577 1313 1633 Halmius

162 1659 282 1726 aiebae);
306 1657 478 1712 Ribbeckius
501 1657 592 1725 ipsum
614 1659 698 1726 pluuc
720 1675 770 1727 per
793 1674 821 1712 se
844 1658 915 1711 nulli
937 1659 1086 1728 suspitioni
1108 1659 1258 1714 obnoxium
1280 1675 1313 1712 ex

160 1738 329 1807 profitebere
347 1739 509 1805 corruptum
533 1752 593 1790 esse
616 1736 736 1806 putauit.
774 1737 902 1807 equidem
921 1738 1023 1794 haereo
1042 1739 1073 1794 in
1091 1739 1147 1794 alio
1166 1739 1312 1794 uocabulo.

161 1820 319 1872 tractamus
342 1817 417 1870 enim
441 1815 577 1885 quidquid
600 1816 790 1884 edisserimus,
816 1816 841 1870 si
864 1817 940 1872 cuius
965 1817 1006 1872 rei
1032 1835 1130 1874 causas
1155 1820 1239 1873 antea
1263 1833 1312 1871 no·

162 1897 275 1952 biscum
298 1893 523 1965 conquisiuimus.
564 1895 636 1949 nihil
659 1899 753 1951 autem
776 1897 860 1966 paulo
885 1900 949 1952 ante
974 1899 1008 1969 [c.
1030 1900 1077 1971 15]
1102 1899 1221 1954 Messala
1242 1899 1313 1952 tam·

163 1993 253 2047 quam
277 1974 506 2030 consuetudinem
529 1991 608 2030 suam
636 1977 775 2045 professus
803 1977 865 2031 erat
887 1977 941 2031 nisi
963 1979 1017 2034 hoc
1043 1995 1141 2034 cauam
1164 1979 1248 2033 liuius
1269 1977 1313 2029 in-

163 2059 261 2126 finitae
284 2056 454 2122 differentiae
476 2071 578 2109 mecum
600 2055 659 2123 ipae
676 2057 836 2126 pierumque
859 2059 997 2126 conquiro.
1040 2058 1128 2128 igitur
1151 2059 1175 2112 si
1204 2059 1314 2112 solitura

163 2137 332 2203 retinemus,
359 2135 532 2206 pergendum
556 2138 598 2190 est
625 2151 681 2188 non
704 2141 836 2204 tractare,
865 2137 914 2192 sed
943 2140 1108 2208 conquirere.
1155 2139 1204 2192 sed
1231 2137 1314 2190 huius

164 2217 254 2286 ipsius
272 2217 314 2271 rei
332 2213 502 2270 mentionem
517 2214 608 2269 minus
624 2233 684 2272 esse
699 2216 941 2270 adcommodatum
961 2217 1022 2285 quis
1035 2234 1091 2272 nou
1108 2217 1212 2276 sentit?
1248 2217 1315 2285 post

164 2297 303 2352 Messalae
327 2295 402 2351 enim
425 2295 512 2350 uerba
533 2295 585 2350 illa
608 2296 658 2350 nbi
681 2293 823 2350 Secundus
851 2294 922 2348 dixit
949 2297 1063 2365 dipnuru
1086 2299 1208 2351 tractatu
1232 2309 1313 2363 quae·

165 2379 280 2431 stionern
297 2374 423 2450 mouisti,
448 2373 505 2428 iam
527 2374 629 2429 iterum
654 2375 773 2430 Messala
791 2376 915 2443 aperiam
938 2374 1030 2444 inquit
1048 2377 1224 2445 capitationes
1241 2390 1314 2428 uaeas

166 2456 203 2527 [c.
225 2456 278 2526 16].
317 2455 370 2509 hoc
390 2457 485 2508 autem
502 2455 591 2508 multo
610 2456 703 2525 aptius
722 2455 945 2523 commemorari,
969 2455 1061 2525 quiuis
1081 2453 1152 2508 mihi
1171 2455 1312 2510 concedet.

165 2537 240 2592 unde
263 2532 396 2606 profluxit
419 2533 578 2589 emendatio
602 2538 699 2590 nostra
721 2551 789 2604 quae
811 2541 836 2590 te
860 2537 1002 2606 pellicitus
1029 2553 1056 2591 es
1083 2541 1203 2591 tractare
1226 2537 1314 2606 paule

166 2623 237 2675 cute.
258 2647 292 2656 —
312 2617 373 2669 tum
393 2613 520 2669 Schelius
540 2615 653 2685 scripsit
670 2615 746 2686 quod
764 2617 850 2686 uulgo
873 2619 1018 2687 receptum
1042 2618 1085 2672 est
1106 2618 1199 2672 mitior
1222 2622 1246 2672 et
1264 2619 1314 2672 elo·

166 2697 291 2767 quentiae
314 2701 332 2749 t.
357 2712 400 2761 n.‚
427 2693 507 2749 facili
530 2712 596 2750 sane
620 2695 749 2764 bonoque
773 2697 901 2762 inuento,
924 2695 979 2750 nisi
1002 2696 1078 2764 quod
1098 2694 1209 2750 facilius
1228 2696 1314 2751 etiam

166 2777 322 2846 meliusque
346 2776 458 2845 praesto
483 2776 526 2828 est
547 2776 617 2829 hoce
641 2777 702 2830 miti
725 2792 770 2830 ere
793 2777 982 2846 eloquentiaeq.
1006 2780 1025 2828 t.
1047 2793 1074 2830 n.
1095 2778 1171 2842 (nam
1190 2777 1315 2830 mitiore

168 2874 231 2918 cum
256 2853 407 2910 coaluisset
425 2855 456 2908 in
473 2855 590 2922 mitiore,
610 2856 766 2910 necessario
786 2874 840 2911 uox
859 2872 977 2925 sequens
997 2854 1136 2925 dirempta
1154 2858 1198 2909 est
1215 2854 1244 2909 in
1263 2856 1313 2910 elo·

168 2939 281 3008 quentia
300 2938 347 3005 et);
368 2934 401 2990 cf.
422 2937 534 3004 praeter
553 2951 575 2988 e.
592 2941 634 3003 10,
656 2943 668 2988 1
689 2936 793 2989 intento
811 2951 856 2989 ere
877 2933 983 2988 Statius
1003 2934 1064 2988 silu.
1084 2933 1123 2988 IV
1143 2940 1167 2997 6,
1187 2938 1220 2988 55
1239 2934 1314 2988 ruitis

167 3019 290 3082 uultum,
318 3014 504 3069 Nemesianus
528 3015 577 3069 ecl.
601 3017 614 3069 1
638 3020 672 3069 56
695 3019 720 3068 et
742 3017 805 3068 snite
827 3031 922 3070 auena
943 3015 1033 3082 fronte
1055 3015 1244 3084 eupuediurn,
1268 3015 1315 3068 sed

165 3103 260 3166 peetus
278 3095 374 3150 mitius
392 3111 443 3150 ore.
464 3125 497 3135 —
517 3093 546 3148 in
565 3094 658 3148 uerbis
672 3093 780 3149 ultimis
795 3092 971 3164 praeplacuit
985 3093 1191 3148 Seebodianum
1204 3094 1315 3148 minime

169 3178 259 3231 iratus
279 3192 342 3228 eum
361 3191 412 3244 per
431 3191 461 3228 se
479 3175 540 3227 tum
559 3174 595 3228 ob
614 3175 775 3245 oppositum
794 3176 879 3245 plane
899 3175 1035 3230 mitiore:
1064 3174 1242 3229 coniecerunt
1258 3189 1315 3228 non

168 3257 187 3311 i.
211 3253 353 3322 schelius,
377 3269 434 3308 uon
456 3254 499 3307 ita
521 3254 540 3307 i.
565 3253 738 3324 Schopenus,
762 3255 854 3310 antinus
876 3256 895 3309 i.
918 3254 1169 3310 Weissenbornius.
1199 3286 1227 3295 -
1250 3271 1316 3308 mox

168 3335 326 3389 incutimus
347 3348 405 3386 non
426 3330 507 3401 potui
526 3348 582 3385 non
600 3333 737 3404 recipere:
766 3333 927 3388 lacessimus
949 3333 1036 3402 uiuos,
1057 3337 1181 3389 mortuos
1200 3331 1315 3388 incessi-

168 3431 241 3481 mns3
261 3411 296 3467 cf.
317 3430 339 3467 c.
360 3417 407 3480 rt,
427 3416 451 3464 5.
488 3414 635 3480 praeterea
653 3414 769 3468 meimet
786 3415 852 3470 istos
871 3414 1062 3485 Schultingius
1081 3415 1181 3472 uoluit.

240 3518 255 3566 't
274 3513 394 3580 offensus
413 3527 431 3564 a
445 3510 541 3578 princ
559 3510 746 3579 disputatione
764 3529 829 3567 nan
847 3529 895 3566 nec
913 3529 963 3566 uae
981 3514 1083 3581 offendi
1101 3515 1209 3568 decebit.
1240 3514 1315 3583 post·

170 3609 252 3662 quam
277 3589 388 3660 Lipsius
411 3589 537 3659 Aprina,
562 3587 720 3644 Gronouius
743 3594 818 3662 Apri
839 3598 934 3648 nostru
956 3592 1045 3648 latere
1068 3593 1203 3664 suspicati
1227 3595 1314 3660 erant,

169 3690 226 3727 rem
246 3688 298 3727 acu
321 3669 420 3740 tetigit
443 3669 687 3724 Schurnfleischius
709 3674 882 3727 emendando
906 3673 980 3743 Apri
998 3675 1051 3727 mei
1069 3672 1212 3730 lenissime
1231 3674 1316 3728 simul

170 3755 199 3808 et
217 3750 362 3823 aptissime
383 3753 459 3822 (nam
477 3767 527 3820 per
545 3748 683 3805 familiare
702 3751 771 3806 illud
790 3753 842 3806 rnei
860 3751 1041 3806 affirmationi
1058 3752 1167 3806 aceedit
1185 3753 1315 3822 pondus).

170 3833 352 3889 nihilominus
371 3832 467 3887 ludere
485 3832 667 3901 perrexerunt
685 3830 774 3898 docti,
794 3831 920 3903 Silligius
939 3832 1013 3901 Apri
1030 3831 1091 3899 itta,
1111 3825 1231 3885 Orellius
1250 3829 1315 3884 sim·

169 3913 281 3982 pliciter
295 3912 370 3981 Apri
388 3911 559 3967 conicienda.
579 3942 612 3951 -
632 3909 850 3980 discrepantiam
869 3912 968 3968 deinde
987 3911 1115 3966 codicum
1134 3911 1173 3980 (M
1185 3929 1250 3965 narn
1268 3927 1316 3965 nec

170 4010 232 4060 uos,
254 3998 279 4046 tl
297 4009 362 4047 nam
385 3997 410 4046 et
432 3994 492 4061 uos)
514 3991 556 4047 ita
577 3991 651 4046 inter
677 4007 706 4044 se
734 3993 896 4047 conciliauit
922 3991 1106 4060 Puteolanus,
1133 3993 1166 4045 ut
1192 4008 1240 4046 uec
1267 4007 1316 4046 uos

170 4071 338 4127 restitueret.
381 4071 471 4142 magis
494 4070 688 4142 probabilitati
712 4071 850 4126 consuluit
872 4071 1014 4149 Halmius,
1038 4070 1087 4138 qui
1105 4069 1172 4124 olim
1191 4070 1315 4138 disputa·
1351 4085 1354 4090 ·

170 4163 315 4269 tioneniian
339 4202 483 4252 exaratum
506 4196 591 4251 fuisse
613 4196 780 4266 intellegens
802 4195 880 4250 dedit
897 4212 945 4251 nec
968 4197 1024 4250 iarn
1042 4212 1099 4252 uus.
1137 4194 1181 4249 cui
1199 4193 1315 4248 inuento

170 4277 254 4348 longe
278 4277 352 4332 cedit
377 4277 542 4331 Noltianum
565 4279 623 4331 ium
646 4280 721 4344 (narn
744 4273 920 4345 Spengelius)
944 4282 980 4350 etv
995 4293 1044 4330 uos
1067 4292 1090 4330 ο.
1115 4274 1254 4329 dedecebit.
1282 4303 1315 4312 -

170 4356 256 4426 paulo
275 4357 348 4412 infra
363 4374 446 4427 perpe
464 4362 489 4411 et
507 4362 581 4411 utere
598 4355 755 4411 rectissime
773 4361 800 4409 M
820 4355 865 4420 (ef.
885 4371 927 4409 ex.
946 4374 987 4426 gr.
1008 4355 1063 4411 Cic.
1083 4356 1160 4410 Brut.
1176 4360 1219 4422 43,
1240 4356 1315 4422 158):

170 4436 294 4506 priorum
322 4438 413 4492 malae
440 4438 475 4492 de
498 4438 551 4491 hac
574 4435 683 4490 familia
710 4433 836 4505 opinioni
860 4434 1008 4491 inhaerens
1034 4433 1205 4488 Ribbeekius
1233 4433 1315 4504 [mus.

170 4516 259 4571 Rhen.
278 4516 383 4572 xxxll
401 4535 427 4587 p.
448 4516 511 4587 811]
533 4531 595 4586 erpo
613 4513 724 4570 extudit
742 4531 775 4569 ex
789 4531 879 4584 perpe.

1067 4564 1189 4658 aa·
