3270 5168
476 464 765 521 COMMENTARIVS
786 465 930 522 CRITICV
932 467 949 522 S
970 466 998 522 C.
1020 474 1043 522 1.
1287 471 1330 534 49

186 623 305 693 spiritur
324 639 406 692 quam
426 624 499 680 falso
517 626 660 696 scripserit
683 627 798 682 Peterus
822 643 883 682 mem
901 628 1006 697 simquti
1023 629 1147 684 diuersae
1164 631 1209 684 uet
1227 633 1330 686 eosdem

176 708 275 772 portes
294 710 417 773 agereret,
437 707 484 760 sert
497 723 543 774 pr.
563 723 584 761 c.
604 724 643 772 a.;
667 705 707 761 sic
727 709 831 778 quippe
849 710 925 778 Aper
942 707 1009 762 hinc
1033 709 1221 764 excludendus
1245 710 1329 766 simul

182 786 426 839 commemoratur.
468 802 519 840 neo
542 786 633 842 minus
657 788 750 842 elucet
763 789 960 843 ‘Andresenum
979 787 1066 842 uerba
1087 789 1193 856 singuli
1211 821 1244 830 —
1264 793 1329 846 dum

182 863 332 918 eicientem
356 867 439 933 (quae
463 867 603 934 quomodo
624 867 738 921 tandem
762 868 792 921 in
809 869 918 923 textum
935 869 1140 937 inrepseruntt)
1165 887 1251 939 praue
1271 889 1328 925 sus·

180 946 295 1012 pectere
325 945 397 999 illud
424 947 540 1016 simquti3
564 964 617 1001 nec
640 947 715 1016 quod
740 964 791 1016 pro
810 948 935 1002 diuersae
952 947 1047 1016 potius
1065 949 1163 1002 uarias
1181 949 1329 1018 desiderat,

180 1021 285 1076 rectius
304 1025 446 1079 sehabet.
483 1041 574 1093 neque
594 1025 668 1080 enim
692 1029 840 1097 corruptae
864 1026 1041 1095 eloquentiae
1060 1043 1160 1081 causae
1179 1029 1268 1097 magis
1287 1028 1328 1082 di-

181 1119 280 1157 uersae
297 1105 417 1174 proferri
435 1105 553 1174 possunt
571 1123 655 1174 quam
669 1123 687 1159 a
699 1105 819 1160 Messala
838 1121 884 1160 aas
899 1105 936 1159 ad
954 1105 1043 1159 malos
1062 1121 1154 1160 mores
1169 1107 1328 1175 malamque

180 1182 377 1238 educationem
400 1183 539 1240 referente
562 1185 592 1239 ct
614 1201 631 1238 a
653 1183 780 1238 Materno
797 1184 932 1254 temporis
955 1183 999 1238 sui
1022 1184 1146 1251 quietam
1170 1186 1329 1254 tranquilli·

179 1265 271 1316 tatem
295 1262 324 1316 in
348 1266 442 1333 partes
465 1268 594 1319 uocante.
636 1265 665 1318 et
689 1263 846 1318 Secundum
869 1279 979 1332 quoque
1003 1264 1039 1318 ab
1063 1263 1107 1317 his
1126 1263 1238 1319 diuersa
1255 1265 1328 1318 edis-

181 1342 302 1396 seruisse
329 1342 359 1397 in
387 1344 512 1398 oratione
536 1360 609 1398 nuuc
631 1343 799 1413 intercepta,
829 1361 862 1418 ex
884 1344 980 1398 nostro
1010 1344 1071 1398 loco
1100 1344 1261 1399 discendum
1286 1346 1329 1400 est

181 1422 280 1478 critice
295 1423 496 1492 circumspecto
509 1424 556 1492 (cf.
572 1441 643 1493 quae
656 1423 731 1478 infra
744 1423 780 1478 ad
791 1440 813 1479 c.
825 1429 858 1477 35
869 1425 939 1478 extr.
954 1423 1100 1492 disputata
1113 1425 1195 1492 sunt).
1224 1423 1327 1494 itaque,

180 1504 215 1556 ut
228 1501 382 1558 anteriores
397 1519 493 1558 omncs
506 1504 718 1570 intellexerunt,
738 1504 799 1558 sola
811 1504 898 1558 uerba
912 1505 956 1558 uel
972 1497 1076 1559 euadere
1089 1505 1199 1558 traxere
1218 1505 1327 1560 uitium.

180 1583 251 1638 haec
267 1582 333 1652 ipsa
352 1582 466 1637 delebat
479 1583 590 1652 Lipsius
602 1582 837 1653 improbabiliter,
856 1581 1027 1651 scripserunt
1045 1584 1170 1638 diuersus
1183 1585 1229 1638 sed
1247 1585 1329 1640 ualde

181 1663 286 1718 eaedem
304 1661 362 1729 (uel
380 1663 427 1716 sed
444 1677 490 1716 eus
507 1663 600 1732 ualde)
619 1661 774 1730 Acidaliae,
793 1663 919 1717 diuersos
935 1663 983 1716 sert
1000 1663 1105 1717 eosdem
1120 1663 1149 1718 O.
1164 1665 1195 1718 L.
1209 1664 1328 1718 Rothius

182 1742 240 1808 (eui
261 1741 375 1797 memini
399 1741 431 1797 Ο.
450 1740 580 1797 Iahnium
604 1742 743 1812 praeferre
762 1742 900 1807 diuersus,
924 1743 1047 1811 eusdem).
1085 1744 1186 1812 quibus
1204 1742 1234 1798 in
1253 1761 1327 1799 com-

184 1821 286 1875 mentis
308 1821 437 1876 omnibus
456 1823 544 1876 restat
568 1821 675 1890 aliquid
699 1821 822 1890 scrupuli
840 1821 899 1876 siue
922 1839 940 1877 a
962 1822 1103 1878 latinitate
1124 1823 1183 1879 siue
1202 1826 1239 1879 ab
1258 1825 1327 1879 artis

183 1901 389 1970 probabilitate.
434 1901 509 1970 quod
531 1900 643 1971 reposui
666 1916 720 1971 ego
743 1903 869 1956 diuersus
890 1917 936 1956 eas
958 1903 1066 1972 quidem
1086 1904 1133 1957 sed
1150 1903 1197 1971 (de
1216 1903 1327 1958 dicendi

180 1997 282 2050 genere
306 1982 340 2035 cf.
365 1981 541 2050 Kuehnerus‚
566 1982 710 2051 amplioris
733 1998 851 2050 gramm.
875 1982 924 2036 lat.
949 1981 974 2035 II
997 1987 1050 2037 464
1060 1985 1126 2052 sq),
1144 1983 1174 2036 id
1196 1982 1237 2037 ita
1263 1984 1327 2038 labe

179 2061 311 2136 affectum
330 2079 392 2117 esse
409 2064 479 2131 puto
497 2065 543 2130 ut,
568 2063 719 2132 postquam
743 2064 848 2117 eosdm
871 2079 922 2132 pro
941 2064 1065 2132 eusqdem
1083 2065 1155 2117 emet
1173 2065 1327 2131 exaratum,

179 2159 198 2210 q
217 2159 301 2212 supra
318 2142 424 2196 lineam
442 2141 571 2195 additum
590 2141 672 2211 prot
691 2142 735 2210 (τε
751 2145 805 2213 uel)
824 2143 997 2212 acciperetur
1014 2143 1141 2212 falsoque
1159 2143 1327 2198 insereretur

178 2219 278 2275 textui.
298 2251 331 2260 -
350 2222 438 2275 uerba
460 2237 532 2289 quae
556 2219 688 2274 secuntur
710 2222 776 2274 dum
797 2222 914 2287 formam
937 2222 984 2274 sui
1006 2222 1118 2289 quisque
1140 2228 1166 2275 et
1187 2223 1276 2275 auimi
1302 2227 1328 2275 et

177 2299 287 2369 imperiii
304 2300 434 2366 redderet,
452 2299 541 2354 artius
555 2298 606 2353 illa
621 2315 684 2352 curn
698 2315 767 2354 uoce
779 2301 936 2368 probabiles
949 2299 1152 2370 coniungenda,
1171 2301 1225 2354 hoc
1242 2301 1326 2355 modo

179 2397 197 2433 a
215 2378 296 2434 uanis
316 2379 516 2450 suspitionibus
536 2382 601 2434 sunt
619 2379 789 2434 uindicanda
806 2381 839 2432 ut
862 2377 1001 2433 enuntiati
1024 2376 1152 2448 primarii
1172 2378 1325 2450 coniuncti-

179 2477 246 2514 uum
266 2461 397 2528 offuscat
412 2460 539 2514 'ualuisse
557 2459 587 2513 in
606 2459 771 2513 secundaria
789 2458 929 2514 sententia
950 2457 1066 2514 aiamus.
1108 2461 1232 2514 ceterum
1251 2459 1326 2528 quod

180 2555 213 2592 cr
233 2538 342 2593 familia
358 2543 385 2590 u
402 2539 496 2607 recepi
514 2539 649 2604 redderet,
667 2538 697 2592 id
716 2556 771 2608 quo
790 2538 850 2593 iure
868 2537 983 2593 fecerim
997 2541 1026 2593 te
1041 2539 1153 2594 docebit
1166 2539 1326 2609 Maduigius

180 2617 283 2672 adCic.
299 2617 393 2672 defin.
408 2618 433 2672 V
450 2623 491 2685 15,
510 2624 557 2673 42:
578 2619 746 2688 singularem
765 2619 950 2674 difficiliorem
969 2636 1019 2690 pro
1038 2619 1169 2689 genuina,
1188 2619 1326 2689 pluralem

179 2696 382 2767 expeditiorem
404 2698 479 2752 mala
501 2698 537 2752 ad
565 2698 733 2768 praecedens
755 2698 826 2754 illud
845 2701 974 2767 offerrent
998 2699 1205 2755 adsimilatione
1227 2702 1325 2754 natum

179 2794 230 2846 pro
247 2776 418 2848 interpolata
436 2778 556 2834 lectione
576 2780 678 2834 habere
697 2779 765 2834 artis
782 2779 881 2834 iubent
897 2781 1058 2848 praecepta.

177 2871 180 2876 ·
254 2863 285 2911 lt
313 2858 408 2912 iisdem
432 2875 509 2913 uuuc
533 2859 655 2912 numeris
679 2859 826 2928 iisdemque
850 2859 1014 2912 rationibus.
1058 2856 1244 2912 intolerabilis
1271 2873 1326 2912 uox

180 2936 310 2992 nemeis.
346 2939 411 2992 sunt
429 2938 477 3005 qui
495 2937 531 2990 ad
550 2936 695 3005 rhythmos
714 2937 847 2993 referant:
872 2939 921 3007 qui
944 2939 977 2991 ut
1001 2936 1114 2991 auribus
1133 2937 1326 3006 percipiuntur

182 3013 224 3068 ita
241 3013 272 3068 in
289 3017 416 3071 oratione
434 3017 540 3087 scripta
562 3015 668 3070 seruari
691 3015 828 3086 reddique
846 3016 893 3072 uix
915 3022 1032 3087 possunt
1055 3018 1095 3085 (et
1113 3016 1181 3084 quid
1199 3016 1253 3071 hoc
1271 3015 1326 3070 sibi

179 3095 243 3148 uult
264 3097 397 3167 rhythmis
418 3099 585 3166 persequit);
609 3101 673 3150 sunt
695 3097 744 3166 qui
766 3100 887 3153 rotiouec
907 3114 1056 3168 causasque
1074 3097 1225 3166 explicent:
1251 3095 1325 3164 quod

180 3175 285 3232 refutat
312 3177 441 3231 additum
467 3178 613 3247 iisdemque
640 3179 808 3246 rationibus,
835 3196 898 3234 cum
926 3179 963 3233 ob
990 3177 1143 3248 repetitum
1170 3178 1265 3232 iisdem
1290 3176 1324 3229 de

181 3272 396 3327 synonymorum
420 3257 597 3327 copulatione
620 3257 744 3327 cogitare
762 3277 819 3314 non
841 3260 940 3327 liceat,
966 3259 1039 3313 unde
1060 3259 1113 3312 hoc
1131 3257 1223 3327 ipsum
1243 3256 1325 3311 colon

179 3337 263 3393 eiecit
280 3337 313 3390 ut
330 3337 610 3407 interpretamentum
629 3337 850 3405 Eichstaedtius'3
869 3339 988 3408 denique
1007 3338 1169 3407 Bernhardy
1188 3335 1326 3391 accersito

180 3434 306 3472 sermone
332 3418 500 3487 palaestrico
521 3418 566 3488 (cf.
587 3418 702 3484 Quintil.
721 3418 785 3486 XII,
804 3424 834 3487 2,
855 3423 899 3489 12)
923 3420 1124 3489 interpretatur
1145 3423 1238 3487 partes
1260 3435 1324 3487 pru·

181 3500 296 3568 diesquer
320 3499 365 3553 cui
389 3497 543 3552 sententiae
567 3497 661 3553 obstet
683 3497 853 3554 otiosissime
877 3499 916 3552 sic
945 3499 1072 3553 clausula
1097 3504 1206 3553 seruato
1229 3498 1326 3552 ordiue

179 3578 391 3648 disputationis,
419 3596 482 3633 cum
509 3580 603 3647 partes
631 3594 743 3633 seruare
765 3577 802 3632 sit
829 3579 973 3648 proprium
1000 3578 1267 3644 ordinis'officium3
1296 3578 1326 3630 et

179 3657 281 3713 iterum
298 3659 352 3713 hoc
371 3658 479 3727 aliquid
495 3659 623 3730 partitus
634 3659 761 3728 persequi
774 3658 932 3713 reformido.
960 3660 1044 3713 tenco
1061 3660 1149 3728 igitur
1167 3658 1243 3728 quod
1257 3658 1323 3713 olim

181 3737 328 3808 proposui,
346 3739 466 3792 uumeris
490 3737 598 3792 scilicet
619 3738 648 3791 in
672 3739 763 3792 uerbis
785 3739 1040 3793 transformandum
1064 3755 1133 3792 esse.
1169 3739 1227 3793 iam
1250 3738 1323 3792 enim

178 3820 264 3872 uerba
283 3820 312 3872 ct
329 3819 450 3873 rotimus
468 3821 497 3872 et
510 3818 576 3872 ordo
589 3817 644 3872 rite
659 3817 807 3887 designant
825 3819 918 3873 omnia
936 3818 1037 3888 quibus
1052 3819 1210 3872 continetur
1229 3818 1322 3885 dispu-

179 3899 264 3965 tati03
284 3898 340 3953 iam
359 3897 416 3952 illis
433 3899 585 3967 excepticia
598 3897 734 3952 subtiliter
748 3905 773 3952 et
785 3900 860 3954 dictu
873 3900 998 3969 prouitcr
1011 3916 1061 3968 per
1075 3897 1192 3951 chiasmi
1205 3897 1322 3966 figuram

178 3980 254 4033 recte
282 3977 452 4047 respondent
478 3979 575 4032 iisderu
597 3977 690 4031 uerbis
712 3979 858 4049 iisdemque
880 3980 1048 4034 rationibus:
1082 3979 1110 4032 et
1133 3978 1203 4031 bene
1229 3980 1325 4030 monet

179 4057 319 4113 Knautius
338 4059 503 4129 [obseruatt.
519 4057 632 4112 criticae
651 4057 681 4110 in
699 4055 763 4111 Tac.
778 4057 856 4127 dial,
874 4059 1081 4132 Magdeburgae
1101 4059 1192 4128 18⁷9],
1211 4057 1324 4126 recepta

180 4140 233 4192 hac
252 4139 408 4193 mutatione
427 4137 523 4192 adludi
537 4139 573 4193 ad
588 4155 650 4193 eam
665 4141 768 4204 artem,
787 4157 842 4207 qua
855 4141 970 4195 Tacitus
988 4139 1019 4193 in
1038 4141 1090 4194 hoc
1109 4138 1207 4192 libello
1226 4154 1323 4191 unum-

179 4236 317 4290 quemque
337 4216 535 4290 disputationis
553 4217 719 4288 participem
738 4220 851 4290 proprio
875 4223 904 4275 et
926 4219 1063 4290 peculiari
1091 4220 1202 4273 dicendi
1220 4236 1322 4288 genere

180 4301 305 4354 utentem
329 4299 410 4366 sacit3
439 4315 495 4367 qua
517 4298 552 4351 de
574 4316 604 4352 re
627 4300 725 4368 postea
748 4299 848 4354 dicam.
886 4300 996 4370 saepius
1020 4301 1114 4354 autem
1137 4299 1167 4354 in
1192 4315 1322 4354 uumerus

179 4379 317 4433 uocabulo
335 4395 353 4433 a
371 4378 469 4433 scribis
487 4379 634 4447 peccatum
654 4379 744 4434 estin
762 4379 883 4449 dialogo.

251 4464 284 4512 19
302 4475 387 4529 meque
405 4459 477 4514 euim
495 4459 583 4525 defuit
601 4461 650 4528 qui
666 4460 805 4514 diuersam
823 4477 927 4530 quoque
941 4465 1049 4530 partem
1066 4460 1220 4528 susciperet.
1249 4459 1324 4513 iusta

180 4539 258 4594 nocis
276 4540 348 4594 euim
366 4537 517 4608 explicatio
540 4537 662 4594 nondum
687 4539 800 4606 prolata
822 4543 872 4594 est
910 4557 994 4609 quam
1018 4541 1145 4608 spectare
1169 4555 1268 4594 censeo
1287 4538 1322 4592 ad

233 4639 319 4677 Tactus
333 4638 467 4678 Drsuoovs.
1094 4635 1109 4682 4
