3270 5168
288 428 329 492 10
798 429 918 486 ΤΑΟΙΤΙ

284 593 340 657 sed
360 593 458 658 ctiam
477 594 562 678 apud
577 594 749 680 inpuberes
764 598 797 660 et
812 595 1043 681 adolescentes,
1061 595 1178 681 quibus
1194 597 1289 664 modo
1303 595 1427 661 indoles
1445 610 1470 650 1⁵

283 703 443 766 recteest
466 703 499 766 et
521 700 608 767 bona
632 723 705 785 spes
729 701 801 766 sui?
852 724 986 786 quorum
1009 703 1141 768 nomina
1163 705 1253 786 prius
1276 706 1429 788 parentes

284 807 394 872 liberis
417 808 485 872 suis
509 807 683 893 ingerunt?
717 831 797 894 quos
817 809 944 893 saepius
964 810 1080 895 uulgus
1100 832 1225 895 quoque
1243 810 1429 895 imperitum

284 917 317 979 et
340 914 501 980 tunicatus
529 915 582 980 hic
604 916 741 999 populus
766 919 970 982 transeuntes
998 916 1127 982 nominc
1151 920 1248 985 uocat
1270 920 1303 982 et
1325 916 1429 1000 digito

284 1021 510 1087 demonstrat?
547 1022 691 1088 aduenae
713 1045 841 1109 quoque
865 1026 897 1088 et
919 1023 1082 1110 peregrini
1105 1023 1170 1088 ianr
1193 1023 1228 1089 in
1245 1022 1429 1107 municipiis

284 1132 317 1192 ct
339 1129 473 1194 coloniis
497 1130 564 1195 suis
589 1130 730 1214 auditos,
758 1153 830 1196 cum
858 1129 999 1216 primum
1023 1129 1134 1196 urbem
1159 1130 1353 1216 attigerunt,
1380 1152 1428 1194 re·
1443 1144 1469 1184 20

243 1231 264 1296 8
289 1236 422 1321 quirunt
451 1239 488 1302 ac
510 1238 602 1302 uelut
630 1257 804 1322 agnoscere
828 1237 1065 1322 concupiscunt
1111 1236 1214 1322 ausim
1237 1237 1430 1312 contendere

282 1342 472 1409 Marcellum
486 1344 574 1410 bunc
587 1343 734 1429 Eprium,
753 1344 791 1408 de
806 1365 869 1428 quo
883 1344 984 1422 modo,
994 1345 1120 1410 locutus
1136 1366 1218 1428 sum,
1232 1346 1266 1410 et
1280 1340 1431 1428 Crispum

284 1450 420 1516 Vibium'
441 1448 610 1537 (libentius
635 1451 720 1515 enim
743 1452 839 1516 nouis
862 1454 895 1515 et
917 1449 1099 1516 recentibus
1123 1473 1222 1537 quarn
1243 1451 1376 1516 remotis
1399 1454 1432 1515 et

286 1558 482 1624 oblitteratis
501 1557 655 1642 exemplis
675 1556 764 1644 utor)
785 1580 851 1623 non
871 1557 977 1624 minus
991 1558 1126 1623 illustres
1145 1579 1214 1624 esse
1229 1557 1264 1624 in
1280 1558 1431 1626 extremis

283 1665 607 1758 partibusterrarum
623 1687 719 1749 quam
733 1662 862 1748 Capuae
877 1668 934 1729 aut
943 1663 1112 1750 Vercellis,
1125 1664 1180 1730 ubi
1194 1647 1264 1730 nati
1274 1665 1430 1739 dicuntur.
1445 1678 1458 1718 ⁵

283 1793 341 1837 nec
365 1771 426 1838 hoc
449 1771 514 1836 illis
539 1772 670 1836 alterius
693 1774 743 1836 ter
766 1771 888 1854 milies,
909 1771 1037 1836 alceia
1060 1771 1106 1837 bis
1128 1773 1229 1838 milies
1248 1771 1431 1844 sestertium

281 1881 427 1964 praestat
437 1875 646 1964 (quamquam
656 1878 696 1943 ad
706 1878 765 1943 has
781 1878 869 1962 ipsas
881 1871 961 1962 op'es‘
969 1880 1107 1961 possunt
1115 1877 1218 1944 uideri
1229 1878 1431 1964 eloquentiae

193 1991 195 1996 ’
281 1985 436 2052 beneficio
465 1982 622 2069 uenisse),
649 1986 703 2050 sed
729 1985 801 2069 ipsa
824 1983 1021 2068 eloquentia,
1049 1984 1138 2050 cuius
1166 2008 1286 2056 numen
1309 1989 1343 2052 et
1364 2007 1431 2060 eae

281 2094 372 2174 lestis
397 2093 447 2158 uis
470 2092 573 2157 multa
592 2091 719 2176 quidem
744 2091 895 2156 omnibus
920 2090 1055 2156 saeculis
1080 2092 1227 2178 exempla
1249 2092 1363 2177 edidit,
1391 2090 1432 2157 ad

282 2224 378 2286 quam
406 2221 506 2284 usque
538 2198 701 2266 fortunam
732 2197 879 2280 homines
909 2197 1031 2283 ingenii
1058 2197 1182 2264 uiribus
1215 2185 1472 2289 peiuenerint,10

282 2309 337 2374 sed
360 2307 454 2392 baec,
476 2308 514 2371 ut
537 2327 635 2389 snpra
658 2304 737 2388 dixi,
759 2304 907 2389 proxima
931 2308 963 2369 et
986 2325 1068 2389 quae
1091 2326 1158 2370 non
1181 2305 1292 2370 auditu
1311 2325 1443 2392 cogno·

286 2415 417 2500 scenda,
446 2414 501 2478 sed
525 2412 627 2478 oculis
652 2411 826 2495 spectanda
853 2412 1039 2476 habeamus.
1085 2432 1249 2495 namquo
1273 2411 1431 2478 sordidius

285 2526 318 2587 et
341 2521 495 2588 abiectius
516 2520 586 2585 nati
606 2521 682 2584 sunt
697 2539 823 2603 quoque
837 2518 1013 2583 notabilior
1026 2520 1201 2604 paupertas
1216 2521 1249 2584 ct
1263 2519 1431 2605 angustiae

288 2651 394 2694 rerum
414 2629 584 2693 nascentes
604 2608 659 2690 cos
678 2624 967 2708 circumsteterunt,
986 2646 1024 2692 eo
1043 2625 1181 2690 clariora
1200 2628 1233 2690 et
1246 2626 1287 2690 ad
1302 2626 1431 2693 demon-

285 2735 450 2802 strandam
475 2734 636 2806 oratoriae
659 2731 860 2817 eloquentiae
884 2731 1060 2796 utilitatem
1083 2731 1262 2797 illustriora
1285 2736 1432 2818 exempla
1446 2744 1472 2785 1⁵

284 2846 373 2928 sunt,
407 2842 492 2928 quod
526 2842 594 2906 sine
627 2839 906 2906 commendatione
939 2838 1113 2924 natalium,
1146 2839 1215 2905 sine
1246 2840 1433 2909 substantia

284 2952 494 3036 facultatum,
527 2953 639 3017 neuter
671 2947 814 3014 moribus
845 2947 1013 3032 egregius,
1045 2946 1128 3012 alter
1159 2946 1273 3012 habitu
1306 2969 1432 3034 quoquc

286 3059 431 3143 corporis
450 3060 674 3141 contemptus,
695 3075 754 3139 per
772 3055 893 3119 multos
912 3054 977 3119 iam
997 3075 1103 3120 annos
1119 3053 1337 3139 potentissimi
1356 3059 1432 3120 sunt

285 3166 427 3231 ciuitatis
455 3185 506 3247 ac,
535 3163 635 3228 donec
662 3160 772 3245 libuit,
799 3160 962 3244 principes
990 3160 1067 3245 fori,
1094 3182 1178 3226 nunc
1207 3161 1369 3247 principes
1398 3163 1432 3227 in

285 3270 432 3337 Caesaris
457 3269 601 3334 amicitia
620 3270 723 3354 agunt
741 3269 921 3354 geruntque
940 3269 1055 3332 cuncta
1075 3257 1173 3352 atque
1192 3268 1232 3333 ab
1251 3267 1323 3354 ipso
1342 3269 1429 3353 prin-
1445 3281 1471 3319 2⁰

284 3378 355 3462 cipe
375 3398 455 3444 ¹curn
489 3376 629 3462 quadam
662 3374 845 3442 reuerentia
874 3373 1066 3459 diliguntur,
1099 3375 1176 3459 quia
1203 3371 1433 3460 Vespasianus,

283 3483 477 3551 uenerabilis
505 3505 603 3558 senex
631 3485 663 3547 et
699 3480 956 3567 patientissimus
984 3481 1065 3567 ueri,
1097 3482 1179 3548 bene
1211 3482 1373 3568 intellegit
1400 3487 1433 3550 et

358 3719 390 3770 10
413 3713 562 3785 inpuberes
582 3713 651 3782 (siue
669 3710 798 3782 inpubes)
821 3709 932 3778 scripsi:
956 3708 1112 3766 inuenero
1135 3727 1276 3772 000οοος
1310 3714 1314 3781 Ι
1348 3713 1431 3769 modo

283 3797 393 3853 indoles
415 3797 492 3850 recta
516 3795 560 3848 est
578 3794 689 3863 scripsi:
715 3791 799 3846 modo
823 3790 901 3844 recta
924 3792 953 3844 et
975 3790 1083 3846 indoles
1105 3795 1148 3847 est
1167 3798 1185 3845 0
1205 3793 1289 3848 modo
1308 3795 1337 3848 et
1354 3794 1433 3848 recta

283 3875 302 3936 i.
321 3895 345 3933 e.
364 3878 408 3934 ael
426 3874 510 3930 modo
529 3875 607 3930 recta
624 3873 642 3928 i.
663 3889 686 3927 e.
706 3887 722 3930 ς
746 3873 755 3942 Η
780 3878 812 3926 10
831 3869 945 3926 nomina
962 3877 1001 3926 1:
1021 3888 1077 3927 non
1095 3877 1119 3925 a
1141 3874 1151 3942 ΙΙ
1173 3879 1207 3928 21
1226 3873 1318 3947 uelut]
1337 3873 1432 3928 uultus

283 3958 430 4013 Acidaliae

355 4037 383 4094 8.
403 4042 419 4091 2
434 4033 543 4105 eprium
557 4050 586 4093 ςι
602 4030 762 4104 eprcprium
778 4037 796 4085 0
810 4033 821 4102 ll
834 4038 851 4088 4
865 4031 989 4088 illustres
1004 4033 1114 4088 addidit
1128 4032 1294 4090 Ribbeclciua
1307 4034 1317 4102 l
1331 4039 1347 4088 0
1362 4032 1431 4088 alte·

284 4117 341 4170 rins
364 4114 408 4170 bis
430 4114 522 4170 milies
542 4115 652 4172 addidit
669 4113 785 4182 Lipsius
811 4116 821 4182 ΙΙ
848 4119 864 4168 8
888 4113 937 4168 sed
955 4113 1066 4188 addidit
1084 4112 1154 4168 idern
1178 4111 1252 4186 (ipsa
1271 4112 1432 4182 eloquentia

274 4197 351 4252 delet
370 4197 397 4265 ς)
411 4197 420 4265 ΙΙ
435 4203 450 4249 0
470 4193 599 4250 omnibus
618 4200 657 4248 R:
675 4191 834 4248 hominibus
853 4191 1122 4262 11110000000100
1141 4193 1296 4248 Dcoalcius:
1316 4192 1431 4248 habere-

284 4293 345 4330 mus
365 4281 383 4328 0
402 4275 538 4330 habemus
558 4277 645 4345 ς1113
664 4290 773 4342 quoquc
789 4289 818 4332 ςε
838 4289 962 4342 quosque
978 4277 996 4324 0
1013 4275 1017 4342 Ι
1034 4271 1184 4343 angustiae
1197 4290 1289 4328 rernm
1304 4273 1430 4342 Lipsius:

285 4354 417 4426 angustia
435 4357 562 4425 ereptum
582 4359 601 4407 0
625 4353 757 4424 angustia
779 4356 962 4424 parentums
993 4355 1003 4423 l
1036 4360 1068 4410 15
1087 4353 1265 4408 nobilitatem
1284 4351 1432 4410 Acidaliae

285 4433 466 4504 (dignitatem
480 4435 649 4505 specealius)
662 4436 672 4503 ss
685 4440 720 4488 00
739 4436 893 4504 geruntquc
914 4435 1053 4492 Moserea:
1072 4435 1218 4501 feruntque
1238 4434 1432 4504 0⁹reguntque

289 4514 494 4585 Pemltcmpius
1151 4529 1153 4535 ’
