3270 5168
584 377 764 456 urlnocv's
784 402 813 457 c.
833 408 945 457 20-21.
1293 403 1336 466 03

195 566 274 651 legit
287 566 530 632 accusationes?
554 568 589 630 at
601 565 730 630 hercule
744 565 778 629 in
793 565 937 631 omnium
953 566 1171 631 studiosorum
1186 567 1336 631 manibus

151 692 180 730 1⁰
194 677 375 760 uersentur,
389 696 470 759 quac
485 673 519 737 in
532 672 701 738 Vatinium
714 672 943 758 inscribuntur,
962 695 999 738 ac
1013 674 1183 758 praecipue
1197 674 1338 738 secunda

193 803 232 844 ex
259 781 311 846 his
341 781 459 864 orati03
488 783 537 844 est
563 780 647 844 enim
675 777 783 844 uerbis
812 784 926 844 ornata
953 783 986 844 et
1013 779 1181 845 sententiis
1206 781 1337 844 auribus

193 887 333 953 iudicum
357 886 614 972 accommodata,
635 890 673 951 ut
695 887 777 954 scias
800 887 907 970 ipsum
931 909 1058 972 quoque
1081 885 1219 952 Caluum
1242 888 1337 951 intel-

193 995 311 1060 lexisse
334 995 410 1078 quid
437 995 553 1059 melius
577 996 675 1077 esset,
703 1015 763 1058 nee
788 994 989 1059 uoluntatem
1013 995 1042 1058 ei
1065 994 1144 1079 quin
1167 972 1337 1058 sublimius

195 1106 228 1166 et
249 1101 367 1167 cultius
390 1102 523 1194 diceret,
548 1100 604 1166 sed
628 1099 794 1184 ingenium
818 1123 856 1165 ac
878 1100 964 1166 uires
989 1099 1136 1165 defuisse.
1174 1099 1272 1183 quid?
1299 1121 1337 1163 ex

153 1223 180 1263 1⁵
196 1207 354 1274 Caelianis
378 1208 577 1274 orationibus
601 1227 716 1290 nempe
738 1228 796 1271 eae
818 1207 961 1292 placent,
989 1208 1057 1272 siue
1080 1207 1249 1271 uniuersae
1272 1208 1338 1272 nae

193 1318 301 1400 partes
325 1337 450 1399 earum,
473 1315 508 1378 in
531 1314 649 1399 quibus
671 1313 809 1378 nitorem
832 1316 867 1378 et
890 1313 1094 1378 altitudinem
1119 1313 1234 1379 horum
1257 1316 1337 1377 tem·

192 1445 308 1507 porum
336 1420 552 1507 agnoscimus.
594 1419 705 1484 sordes
734 1423 842 1484 autem
874 1420 949 1484 illae
981 1420 1153 1486 uerborum
1185 1421 1217 1482 et
1243 1417 1337 1481 hians

193 1523 385 1614 compositio
401 1532 434 1592 et
448 1526 603 1592 inconditi
619 1548 733 1591 sensus
749 1525 894 1590 redolent
910 1527 1150 1611 antiquitatem3
1164 1545 1223 1589 nco
1234 1545 1337 1607 quern-

193 1658 291 1720 quam
315 1636 393 1700 adeo
417 1633 636 1718 antiquarium
658 1635 752 1716 put0,
775 1635 812 1696 ut
825 1630 974 1718 Caelium
997 1655 1035 1696 cx
1058 1653 1096 1696 ea
1114 1633 1205 1715 parte
1219 1629 1337 1713 laudet,

151 1758 179 1797 2⁰
194 1766 259 1828 qua
286 1733 438 1826 antiquus
468 1744 526 1807 est
567 1739 778 1805 concedamus
810 1762 886 1805 sane
910 1737 945 1804 C.
968 1738 1112 1823 Caesari,
1141 1743 1178 1803 ut
1205 1741 1338 1822 propter

193 1847 449 1934 magnitudinem
473 1846 708 1932 cogitationum
736 1850 769 1910 et
796 1846 1022 1930 occupationes
1046 1867 1153 1909 rerum
1172 1845 1279 1909 minus
1303 1845 1338 1908 in

193 1956 379 2041 eloquentia
402 1954 543 2019 effecerit
566 1975 664 2037 quam
687 1953 831 2018 diuinum
859 1953 928 2018 eius
951 1954 1117 2038 ingenium
1139 1952 1338 2036 postulabat,

191 2067 261 2128 tam
287 2062 418 2127 hercule
446 2083 543 2145 quam
572 2060 711 2125 Brutum
737 2060 964 2144 philosophiae
997 2083 1074 2126 suae
1104 2059 1337 2142 relinquamus3

190 2192 268 2234 nam
291 2169 326 2232 in
349 2167 551 2235 orationibus
575 2168 731 2231 minorem
756 2189 824 2231 esse
839 2167 927 2232 fama
941 2190 999 2232 sua
1014 2167 1112 2232 etiam
1127 2166 1336 2230 admiratores

152 2299 178 2338 25
192 2277 260 2341 eius
287 2272 440 2341 fatentur.
475 2295 535 2338 nec
561 2274 662 2337 ferme
691 2273 860 2357 quisquam
888 2277 946 2338 aut
974 2272 1121 2338 Caesaris
1150 2294 1209 2356 pro
1237 2271 1337 2336 Decio

194 2381 339 2447 Samnite
363 2383 420 2444 aut
433 2380 529 2444 Bruti
551 2401 610 2464 pro
624 2379 780 2444 Deiotaro
804 2399 879 2464 rege
903 2383 1089 2465 ceterosque
1109 2378 1251 2444 eiusdem
1270 2379 1336 2442 len-

192 2487 340 2553 titudinis
364 2509 401 2552 ac
423 2486 546 2570 teporis
570 2486 670 2551 libros
690 2486 784 2572 legit,
806 2486 869 2550 nisi
889 2486 945 2570 qui
960 2490 992 2551 et
1006 2487 1149 2553 earmina
1163 2485 1337 2551 eorundem

192 2591 341 2679 miratur3
364 2595 509 2660 fecerunt
532 2593 618 2657 enim
642 2596 674 2657 et
699 2593 842 2658 carmina
864 2597 897 2658 et
919 2593 953 2658 in
977 2593 1201 2678 bybliothecas
1220 2594 1336 2664 retule-

190 2704 275 2786 runt,
298 2723 363 2766 non
387 2699 502 2765 melius
526 2722 622 2783 quam
642 2697 765 2784 Cicero,
788 2699 845 2764 sed
869 2700 1002 2784 felicius,
1026 2701 1101 2784 quia
1123 2701 1198 2765 illos
1222 2700 1337 2764 fecisse

152 2833 177 2870 30
191 2808 360 2892 pauciores
393 2807 510 2872 sciunt.
555 2805 689 2871 Asinius
726 2827 869 2889 quoque,
905 2828 1098 2890 quamquam
1131 2805 1336 2889 propioribus

190 2913 392 2997 temporibus
414 2914 512 2976 natus
536 2911 594 2994 sit,
617 2911 744 2976 uidetur
768 2911 849 2974 mihi
871 2911 956 2975 inter
974 2910 1140 2976 Menenios
1164 2913 1196 2975 et
1209 2910 1336 2994 Appios

175 3020 366 3105 'studuisse3
394 3018 570 3084 Pacuuium
601 3020 687 3082 certe
716 3021 748 3081 et
770 3016 906 3084 Accium
933 3040 999 3083 non
1027 3019 1132 3083 solum
1159 3017 1336 3102 tragoediis

191 3127 248 3192 sed
270 3127 368 3192 etiam
392 3126 596 3192 orationibus
621 3125 688 3190 suis
709 3125 880 3209 expressit:
904 3125 984 3191 adeo
999 3126 1097 3192 durus
1112 3131 1145 3192 et
1160 3125 1264 3190 siccus
1278 3130 1336 3190 est.

191 3234 294 3299 oratio
319 3237 428 3299 autem
452 3234 536 3299 sicut
558 3255 674 3318 corpus
698 3232 839 3297 hominis
863 3255 901 3297 ea
925 3233 1053 3297 demum
1067 3232 1203 3318 pulchra
1221 3235 1279 3316 est,
1302 3232 1336 3296 in

154 3363 179 3402 ss
193 3365 256 3427 qua
279 3363 346 3406 non
369 3342 513 3406 eminent
531 3363 631 3406 uenae
650 3362 710 3406 nec
730 3363 804 3406 ossa
817 3344 1043 3424 numerantur,
1067 3341 1122 3405 sed
1136 3343 1336 3424 temperatus

191 3471 228 3515 ac
251 3450 356 3515 bonus
384 3449 518 3534 sanguis
547 3448 661 3531 implet
690 3448 837 3513 membra
867 3451 899 3511 et
923 3447 1049 3534 exurgit
1076 3447 1156 3512 toris
1184 3446 1335 3530 ipsosque

263 3687 279 3734 0
299 3677 493 3734 accusationes
516 3678 569 3733 buc
591 3677 699 3733 traiecit
716 3675 874 3732 Brctcrics:
897 3676 929 3729 io
952 3676 1025 3730 licea
1047 3680 1170 3744 sequente
1188 3680 1252 3744 post
1274 3691 1335 3727 ucr-

192 3762 290 3814 santur
307 3761 387 3816 babet
405 3764 424 3811 0
440 3761 446 3829 1
460 3757 555 3811 hercle
573 3760 617 3826 Nl
638 3755 763 3810 omnium
781 3757 940 3811 Acidaliae:
959 3753 1103 3808 hominum
1122 3760 1141 3806 0
1160 3757 1169 3824 ΙΙ
1189 3760 1221 3807 10
1238 3754 1335 3809 inscri-

190 3841 295 3893 buntur
313 3841 440 3908 Lepsios:
465 3837 678 3893 conscribuntur
702 3842 721 3888 0
745 3835 903 3890 scribuntur
922 3851 939 3894 ς
970 3837 979 3905 ll
1012 3841 1044 3889 13
1064 3833 1132 3904 quin
1152 3836 1334 3890 Puteolanus:

191 3937 245 3988 quo
265 3925 284 3972 0
303 3918 450 3986 quominus
468 3919 601 3974 Halmius
617 3920 628 3988 ΙΙ
648 3923 679 3971 15
698 3935 789 3972 nonne
808 3918 1011 3985 Heamaanusl
1031 3913 1090 3969 siue
1109 3914 1256 3968 uniuersae
1276 3913 1335 3967 siue

189 4002 286 4070 partes
311 4015 406 4052 earum
426 3999 569 4054 Pithoeus:
592 3997 652 4052 siue
676 3997 807 4052 uniuersa
828 3999 909 4067 parte
929 4013 1021 4049 serum
1040 4002 1059 4048 0
1078 3995 1138 4049 siue
1157 3994 1187 4048 in
1205 4012 1231 4048 u.
1254 3996 1335 4063 parte

192 4096 241 4134 seu
255 4095 272 4137 ς
291 4077 316 4132 si
329 4095 386 4132 non
400 4076 547 4133 uniuersae
562 4082 593 4132 at
606 4081 700 4148 partes
715 4096 812 4132 earum
826 4079 972 4132 Acidaliae
985 4078 995 4145 Ι]
1010 4083 1042 4130 17
1057 4074 1124 4129 illae
1138 4080 1178 4129 11:
1197 4074 1335 4144 regul(a)c

191 4164 215 4211 lt
234 4161 311 4228 (delet
330 4159 358 4227 ς)
385 4161 395 4226 ΙΙ
424 4163 456 4212 18
474 4158 603 4212 redolent
622 4163 657 4212 lc:
680 4159 799 4212 reddent
816 4164 844 4211 10
865 4160 875 4228 ΙΙ
897 4165 931 4212 00
951 4156 1139 4226 eloquentiam
1159 4161 1197 4224 ¹3
1220 4158 1336 4224 fortusse

191 4237 353 4306 eloquentia
375 4236 433 4290 iam
464 4239 474 4305 ΙΙ
509 4244 543 4292 03
561 4238 654 4297 hercle
675 4245 693 4292 0
725 4242 734 4310 ss
765 4244 799 4292 05
818 4255 869 4292 nec
892 4238 978 4292 ferme
1003 4239 1057 4305 (uel
1075 4236 1144 4305 lere)
1164 4229 1333 4291 Grorwaias:

192 4317 247 4373 nisi
265 4318 337 4372 forte
357 4320 399 4388 οη
417 4323 450 4372 07
470 4317 576 4385 teporis
595 4320 722 4390 Lepsios:
742 4316 876 4388 temporis
896 4323 914 4370 0
933 4316 1054 4387 torporis
1073 4316 1195 4372 Sabellus
1208 4319 1217 4385 ΙΙ
1231 4321 1264 4370 08
1284 4315 1334 4368 mi-

192 4400 319 4453 tuturo:
338 4398 476 4452 mirantur
495 4399 582 4466 ς1109
602 4399 668 4467 quia
685 4404 725 4452 11:
745 4397 794 4467 qni
806 4404 830 4451 r
847 4401 851 4467 Ι
867 4397 937 4452 istos
951 4404 974 4450 10
988 4400 998 4468 ΙΙ
1012 4404 1044 4452 30
1065 4395 1170 4451 actium
1188 4404 1215 4451 Ι
1234 4395 1335 4451 attium

194 4495 210 4538 ς
238 4480 247 4548 ll
275 4486 308 4536 36
327 4477 496 4548 exurgitoris
514 4484 542 4531 00
