3270 5168
342 444 384 506 48
674 445 964 503 COMMENTARIVS
983 445 1154 502 CRITICVS.

491 611 535 662 'lte
555 621 578 660 c.
601 612 643 676 24,
664 613 697 660 14
715 608 824 662 tantum
1037 614 1076 663 1:
1095 608 1124 662 12
1142 609 1266 663 tantum

596 691 639 755 28,
658 691 691 740 31
711 685 863 740 militarem
1090 705 1149 743 rem
1168 686 1345 742 militarem

596 771 640 833 31,
661 772 692 820 11
712 766 782 820 haec
1091 769 1161 824 heac
1179 769 1251 838 ipsa

351 919 356 930 ι
595 852 638 914 31,
657 851 691 900 42
710 846 781 900 haee
1091 847 1162 902 haec
1179 864 1319 918 quoque.

339 953 372 991 ex
395 937 439 990 his
467 940 612 1004 2.24,14
635 936 667 988 ia
689 933 797 990 1221212
819 935 920 991 iterum
935 938 987 991 'est
1010 935 1097 991 dictio
1120 937 1228 1008 dialogi
1256 939 1357 1007 plane
1385 935 1520 1007 propria,

339 1036 362 1072 c.
382 1023 425 1084 31,
447 1023 478 1071 12
498 1018 527 1070 22
545 1022 578 1069 42
599 1015 622 1068 21
638 1015 726 1070 solum
746 1017 811 1071 tace
825 1015 854 1070 in
869 1022 888 1069 0
903 1019 977 1072 esset
994 1017 1141 1083 22221222,
1160 1035 1247 1072 nemo
1263 1018 1368 1073 Italus
1389 1018 1518 1072 animum

339 1099 492 1152 induxisset
517 1095 664 1150 deficiente
690 1095 798 1150 scilicet
822 1113 906 1151 causa
928 1096 1002 1150 iusta
1025 1096 1127 1151 addere
1145 1099 1208 1166 1222
1228 1099 1265 1152 22
1284 1115 1420 1168 quoquc,
1446 1113 1519 1166 quae

339 1178 478 1246 quomodo
497 1177 526 1231 in
545 1181 576 1229 11.
587 1175 695 1231 22111222
713 1175 808 1230 omitti
831 1175 974 1244 potuerint
996 1175 1131 1230 facillime
1154 1177 1370 1247 perspicimus.
1414 1175 1518 1232 ceteris

340 1258 434 1311 autem
454 1256 522 1310 locis
541 1257 602 1310 tum
622 1256 657 1309 de
676 1255 811 1309 Italorum
826 1255 990 1310 correcturis
1009 1253 1241 1310 122222221122222
1263 1258 1417 1327 cogitare,
1439 1257 1464 1310 si
1483 1272 1516 1310 ex

341 1333 493 1390 2111212212
518 1335 693 1404 grauioribus
717 1334 754 1388 22Ι
775 1333 872 1388 2122212
891 1339 918 1386 11
935 1334 1107 1404 interpolata
1124 1335 1221 1390 indole
1241 1338 1421 1402 constaret3
1441 1349 1515 1388 nunc

340 1416 363 1470 si
387 1415 499 1471 solitam
523 1415 618 1485 potius
641 1414 765 1470 familiae
788 1419 813 1466 a
834 1412 1042 1484 neglegentiam
1070 1414 1114 1468 his
1142 1431 1255 1483 quoque
1288 1415 1370 1470 locis
1402 1414 1511 1480 incuso,

339 1512 421 1550 nemo
440 1496 592 1565 22221222
610 1495 681 1550 mihi
700 1497 824 1564 opponat
841 1494 935 1550 habet.
964 1496 1030 1549 nolo
1044 1495 1091 1550 hic
1105 1511 1278 1565 componere
1295 1514 1379 1565 quae
1399 1494 1509 1566 passim

340 1577 370 1630 in
389 1575 589 1631 commentario
608 1575 789 1630 inueniuntur
803 1574 939 1644 exempla,
958 1574 1059 1644 quibus
1073 1577 1208 1644 quantum
1224 1580 1252 1628 11
1267 1580 1414 1646 praestet
1429 1573 1512 1630 212221

341 1655 424 1709 classi
443 1657 594 1722 euincitur;
614 1673 647 1710 ex
664 1656 820 1710 bisantem
840 1655 923 1725 locis,
944 1672 1061 1722 quorum
1081 1658 1110 1710 et
1127 1655 1251 1710 maxima
1277 1657 1312 1712 in
1334 1660 1404 1712 tota
1423 1671 1510 1725 quae-

342 1733 432 1788 stione
456 1737 500 1788 222
523 1735 677 1789 auctoritas
700 1737 728 1788 22
751 1749 882 1788 numerus
905 1738 1033 1806 superat,
1056 1735 1182 1803 requitur
1201 1737 1347 1794 maiorem
1370 1751 1465 1807 penes
1484 1737 1510 1786 11

341 1813 426 1868 fidem
450 1830 509 1868 esse
533 1815 619 1868 etiam
642 1814 683 1868 ibi
705 1814 754 1868 ubi
776 1831 826 1883 per
850 1830 878 1869 22
901 1815 1015 1882 quidem
1037 1815 1184 1885 utriusque
1207 1816 1344 1872 familiae
1365 1814 1508 1870 lectiones

343 1894 466 1948 eiusdem
485 1895 550 1946 sunt
567 1892 658 1962 pretii.

414 1971 459 2026 Sic
478 1968 611 2026 restituto
636 1975 667 2039 0,
691 1987 774 2038 quem
798 1971 888 2026 solum
910 1973 993 2029 hodie
1016 1975 1084 2031 licet
1102 1977 1262 2046 restituere,
1291 1977 1367 2047 quid
1389 1976 1507 2032 tandem

344 2050 486 2106 consecuti
507 2056 620 2106 sumus?
657 2049 728 2104 illud
745 2050 878 2106 nimirum
897 2056 1060 2110 uetustioris
1080 2055 1184 2112 codicis
1204 2060 1409 2128 apographon,
1430 2054 1506 2127 qued

342 2132 490 2187 Henochus
515 2130 653 2184 incertum
677 2145 761 2197 quam
784 2133 917 2188 accurata
940 2135 1087 2204 diligentia
1109 2136 1185 2190 fecit.
1226 2138 1333 2204 quodsi
1359 2139 1406 2192 ita
1425 2133 1506 2191 nobis

342 2212 460 2267 fauisset
483 2210 607 2267 Fortuna
631 2212 663 2264 ut
686 2215 843 2280 superesset
866 2214 986 2268 alterum
1005 2214 1109 2270 codicis
1133 2215 1209 2270 illius
1233 2218 1389 2287 exemplar
1409 2213 1503 2284 (quale

342 2292 371 2347 12
391 2291 540 2347 Germania
564 2290 727 2361 suppeditat
749 2291 820 2348 liber
842 2294 1079 2364 Hummelianus),
1104 2298 1173 2364 quot
1197 2295 1266 2351 loeis
1290 2298 1380 2352 nobis
1402 2293 1503 2350 liceret

342 2372 480 2442 corrigere
502 2369 680 2425 Henochnm!
710 2372 739 2425 22
757 2371 805 2426 1112
823 2373 883 2443 ipse
902 2375 1010 2429 22220
1029 2375 1109 2430 fluxit
1123 2375 1210 2430 codex
1224 2375 1415 2432 Germanicus
1435 2389 1501 2430 num

342 2453 383 2505 ita
411 2453 539 2506 uetustus
566 2449 664 2519 122212,
698 2450 827 2519 equidem
855 2469 928 2507 nunc
956 2453 1054 2509 dubito
1081 2453 1241 2522 inclinoque
1268 2455 1299 2509 in
1325 2453 1499 2512 sententiam

342 2531 450 2599 Rothii‚
469 2531 518 2599 221
533 2547 595 2585 eum
612 2530 722 2584 saeculo
733 2529 798 2584 XIII
811 2548 867 2586 non
885 2532 1074 2602 antiquiorem
1092 2551 1152 2588 esse
1171 2534 1257 2600 dixits
1275 2553 1366 2603 quam
1387 2537 1499 2590 senten-

342 2611 412 2664 tiam
435 2626 501 2664 sane
526 2610 722 2664 commendant
740 2611 816 2665 haud
834 2612 917 2681 pauci
935 2612 1002 2680 1221,
1026 2629 1143 2681 quorum
1168 2607 1346 2684 corruptelae
1367 2634 1403 2672 cx
1423 2630 1497 2668 com·

342 2687 453 2757 pendiis
471 2689 521 2743 1112
540 2705 611 2743 2222
630 2689 770 2744 consuetis
788 2691 971 2760 explicantur.
991 2707 1122 2762 quorsum
1141 2694 1194 2749 hoc
1209 2695 1344 2764 disputo?
1374 2712 1411 2750 ne
1426 2691 1496 2750 obli-

342 2767 482 2822 uiscamur
496 2768 604 2825 scilicet
617 2770 810 2840 longissimum
818 2770 890 2826 illud
899 2771 974 2840 quod
985 2777 1004 2824 0
1014 2773 1157 2842 praecedit
1166 2776 1286 2845 tempus,
1302 2793 1361 2845 222
1371 2775 1496 2848 plurima

344 2848 587 2918 diuersissimaque
606 2849 678 2904 uitia
691 2849 817 2920 inrepere
830 2869 959 2922 nouaque
973 2855 1074 2909 menda
1088 2871 1221 2925 generare
1235 2859 1404 2926 potnerunt,
1424 2867 1493 2910 2222

343 2929 446 2983 2222212
466 2929 608 2985 codicibus
626 2931 826 2986 recentissimis
844 2932 908 3001 plus
927 2951 1016 3004 aequo
1034 2935 1211 2991 inhaerentes
1229 2935 1416 3007 neglegamus
1435 2932 1493 2990 offi-

343 3010 417 3064 cium
436 3010 527 3066 critici
545 3011 618 3081 neri,
637 3012 686 3080 221
704 3014 873 3081 contemptis
892 3015 1015 3068 omniurn
1035 3015 1157 3070 sordium
1177 3015 1396 3071 admiratoribus
1416 3014 1491 3069 certo

344 3091 449 3146 iudicio
470 3099 550 3145 'suum
569 3092 685 3146 reddere
704 3093 799 3147 studet
817 3093 948 3163 scriptori
961 3111 1024 3148 cum
1039 3095 1159 3148 maxime
1173 3096 1302 3149 tractato.
1323 3127 1358 3135 —
1379 3088 1492 3150 exhibui

344 3171 373 3224 in
396 3173 534 3240 apparatu
559 3171 655 3225 critico
679 3171 796 3225 duarum
820 3171 990 3226 familiarum
1009 3178 1036 3225 1
1056 3176 1085 3228 22
1102 3179 1126 3226 s
1144 3174 1295 3244 scripturas
1313 3175 1357 3230 ita
1380 3177 1414 3229 ut
1436 3173 1492 3226 1222

345 3248 506 3303 omitterem
530 3248 759 3319 orthographica,
783 3251 812 3304 in
836 3251 936 3318 quibus
959 3255 991 3308 ut
1009 3253 1158 3310 Henochus
1181 3254 1223 3308 ita
1244 3253 1367 3310 insecuti
1385 3248 1491 3309 librarii

278 3342 282 3352 ·
344 3347 393 3384 sua
412 3329 529 3399 quisque
548 3329 748 3386 consuetudine
766 3331 924 3388 utebantur.

294 3560 340 3617 0‚1
418 3559 451 3608 10
469 3553 494 3606 si
511 3553 580 3608 miti
597 3555 816 3620 measeateatia.
845 3557 1013 3611 acensueta
1031 3555 1120 3625 magis
1139 3556 1288 3626 uerborum
1303 3558 1486 3614 collocatione

344 3650 403 3688 mea
421 3631 489 3686 miti
506 3632 655 3702 scatentia,
680 3651 765 3702 quam
789 3633 1033 3692 Schurafleischius
1055 3636 1102 3692 hic
1124 3637 1284 3694 restitutam
1301 3640 1405 3706 uoluit,
1423 3638 1484 3692 ideo

345 3713 459 3769 deflexit
482 3712 597 3769 Tacitus
621 3713 695 3783 2222
717 3714 786 3768 miti
808 3716 838 3770 et
860 3717 1099 3780 disertissimorum
1125 3717 1264 3774 22221222
1291 3720 1364 3774 inter
1387 3738 1415 3775 se
1438 3734 1483 3786 op-

344 3796 498 3863 ponuntur;
519 3794 552 3848 cf.
574 3798 617 3861 32,
637 3799 670 3846 31
691 3811 709 3847 2
726 3795 805 3849 cobis
822 3797 928 3866 aperiri
950 3814 1065 3868 aequum
1084 3802 1135 3864 esc,
1160 3799 1290 3867 quoniam
1312 3801 1420 3870 quidem
1441 3810 1485 3865 ego

344 3876 401 3929 iem
418 3891 505 3929 mecm
523 3889 623 3927 munus
641 3875 756 3942 expleat

418 3959 449 4007 16
469 3969 530 4008 cam
547 3953 653 4021 212222·
671 3953 797 4008 dicaeus
814 3955 858 4010 cei
876 3958 980 4012 easdem
997 3957 1044 4012 222
1059 3949 1217 4026 probabiles
1235 3973 1333 4013 caesas
1351 3959 1484 4026 afferrent,

345 4034 411 4089 dum
424 4050 480 4102 eqs.
496 4032 567 4086 haec
586 4031 672 4086 uerba
690 4048 708 4086 a
726 4031 825 4089 Tacito
844 4036 884 4089 sic
907 4036 1020 4104 quidem
1043 4037 1148 4106 scripta
1166 4055 1240 4107 esse,
1258 4041 1334 4094 recte
1351 4035 1483 4109 negarunt

345 4112 471 4183 plerique
491 4128 594 4166 omnes.
628 4127 692 4164 nam
712 4113 896 4170 2221121222
915 4116 1172 4186 molestamittam,
1192 4117 1335 4186 scriptoris
1356 4122 1399 4174 est
1415 4120 1481 4173 bene

346 4192 418 4261 sani,
444 4207 541 4247 causas
565 4190 729 4246 adferendas
752 4193 793 4248 ita
815 4194 888 4249 inter
911 4197 1037 4266 singulos
1062 4195 1196 4250 sermonis
1218 4195 1370 4265 participes
1395 4193 1481 4251 distri-

345 4271 429 4324 buere
448 4272 481 4324 22
500 4270 609 4325 omissis
628 4270 841 4340 repetitionibus
860 4275 947 4329 alium
963 4275 1032 4330 alias
1050 4273 1136 4330 faciat
1155 4275 1358 4330 edisserentem.
1392 4272 1482 4331 sedin

345 4350 470 4405 2222222
489 4351 647 4420 corruptela
665 4351 694 4404 in
713 4351 823 4408 diuersa
842 4355 936 4410 omnia
954 4354 1056 4412 abiere.
1090 4371 1189 4411 causus
1206 4355 1410 4426 intellegendas
1429 4367 1482 4408 esse

346 4432 462 4498 apparet
481 4437 626 4500 corruptae
643 4432 821 4502 2222221122
845 4451 915 4504 2222
934 4435 1002 4504 2212
1020 4437 1096 4504 Aper
1118 4435 1233 4489 minime
1257 4436 1361 4505 221222,
1384 4430 1483 4504 cippati

346 4524 457 4562 2222222
477 4512 520 4564 222
543 4511 715 4582 accipiantur
733 4513 875 4569 Maternus
893 4513 1014 4570 Messala
1033 4514 1183 4570 Secundus.
1220 4514 1293 4568 uude
1318 4516 1484 4583 221222221-
