3296 5168
430 389 719 446 COMMENTARIVS
738 391 904 446 ORITIOVS
924 392 952 447 Ο.
972 399 1085 449 28-30.
1293 395 1335 461 85

185 552 301 606 secutus
317 557 433 608 matrem
450 569 549 607 uocem
567 552 680 619 tollam,
698 553 731 605 ut
749 553 869 607 matrem
886 555 1001 623 propter
1019 555 1141 626 priorem
1160 561 1334 632 propinquae

184 631 354 686 societatem
374 632 421 686 hic
440 632 547 703 diserte
562 631 701 686 nominari
719 632 801 686 eiam.

260 716 277 764 4
295 713 392 766 boram
414 711 519 778 fabalis
542 716 567 765 et
589 713 727 766 erroribus
750 716 774 765 et
798 713 871 768 uires
889 715 975 768 teneri
994 718 1087 772 statim
1105 725 1130 772 et
1147 721 1229 776 rades
1247 723 1337 777 aninri
1351 731 1377 774 o.
1397 719 1434 774 29

183 793 360 848 imbuantur.
397 790 509 846 fabulae
528 795 557 846 et
576 809 680 846 errores
699 791 758 846 siue
777 791 849 846 falsa
867 791 971 848 iudicia
990 813 1075 866 quam
1093 799 1189 868 pulcre
1203 802 1335 870 reeteque

183 871 355 941 iungentur,
384 873 558 926 demonstrat
581 871 719 926 Minucius
742 871 832 940 Felix,
861 873 911 943 qui
934 891 957 928 e.
981 881 1029 944 23,
1054 885 1066 930 1
1095 879 1146 934 bas
1172 881 1283 947 fabulas
1310 888 1337 938 et

119 980 125 989 ·
184 967 292 1006 errores
310 951 404 1020 inquit
427 953 462 1007 ab
481 953 615 1020 imperitis
633 953 799 1021 parentibus
822 953 959 1010 iacimus.
996 955 1069 1010 male
1093 957 1180 1028 igitur·
1198 961 1336 1016 erroribus

184 1032 266 1086 abire
293 1032 435 1087 iusserunt
461 1033 635 1088 iunioribus
657 1032 703 1087 uel
726 1034 893 1087 sermonibus
915 1033 961 1088 uel
991 1037 1137 1093 amoribus.
1184 1037 1283 1095 deinde
1311 1046 1336 1095 et

184 1113 263 1166 uires
282 1115 343 1182 (pro
367 1130 423 1181 quo
447 1120 472 1168 et
495 1115 599 1168 nirides
616 1116 650 1182 n)
669 1112 755 1182 uulgo
775 1112 896 1178 deletum
921 1131 1092 1184 quamquam
1114 1119 1254 1186 quomodo
1273 1134 1334 1172 uer·

184 1193 289 1246 borum
308 1198 333 1247 et
350 1195 431 1248 rades
449 1195 538 1264 possit
556 1211 616 1250 esee
635 1191 828 1263 dittographia
846 1193 930 1260 (quae
951 1195 996 1247 est
1018 1195 1125 1251 Halmii
1149 1196 1254 1266 opinio)
1278 1213 1336 1250 non

183 1273 230 1328 ita
248 1274 332 1329 facile
351 1273 528 1344 perspicitur.
557 1290 628 1344 quae
648 1277 709 1329 erat
724 1288 816 1341 causa,
835 1275 867 1327 ut
882 1272 1059 1330 Ecksteinius
1076 1276 1178 1330 fabulis
1194 1278 1222 1331 et
1237 1278 1334 1332 errori·

183 1354 241 1408 bus
266 1353 389 1409 adiceret
412 1353 635 1408 additamentum
659 1353 827 1424 superfluum
852 1357 877 1408 et
899 1353 978 1408 nitiis
997 1354 1212 1422 (Weinlrauffius
1235 1375 1262 1426 p.
1282 1359 1334 1410 246

185 1439 213 1489 et
234 1437 318 1488 nanis
335 1435 455 1503 ritibus).
496 1433 634 1488 Knautius
658 1435 696 1504 [p.
718 1433 763 1505 12]
789 1435 886 1487 contra
912 1433 958 1504 [et]
984 1435 1088 1490 uirides
1112 1437 1220 1508 [tenere]
1241 1437 1335 1492 statim

185 1520 214 1568 et
235 1515 317 1569 rades
341 1516 429 1569 animi
452 1514 641 1588 commendat,
665 1514 714 1583 qui
737 1514 793 1568 sint
815 1513 845 1567 in
867 1513 1022 1568 infantibus
1045 1515 1148 1571 uirides
1174 1516 1261 1571 animi
1278 1537 1334 1576 non

185 1611 336 1664 exponens.
373 1613 440 1649 num
458 1595 530 1649 latet
548 1596 697 1661 erroribus,
716 1599 748 1648 at
766 1609 808 1648 res
826 1597 876 1659 est,
897 1595 983 1648 teneri
1001 1601 1077 1662 cqc?

262 1681 276 1728 't
292 1679 421 1743 parentes
438 1674 610 1744 improbitati
627 1689 711 1742 neque
729 1673 874 1727 modestiae
893 1674 1088 1741 assuefaciant.
1122 1675 1256 1731 Italorum
1276 1694 1334 1733 eor-

185 1757 313 1810 rectnrae
329 1772 377 1809 nee
392 1755 528 1822 probitati
545 1753 668 1824 praetuli
686 1770 742 1809 non
755 1754 895 1822 probitati,
916 1756 945 1808 et
962 1755 1006 1809 illi
1024 1755 1131 1810 innisus
1146 1757 1335 1814 obseruationi

164 1850 279 1902 meae,
309 1853 366 1903 qua
388 1833 552 1889 Henoohum
577 1833 706 1888 ductibus
730 1833 887 1888 tenerrimis
912 1835 1045 1905 scriptum
1072 1843 1092 1892 r'r
1120 1837 1262 1894 interdum
1290 1857 1335 1895 ae-

186 1914 295 1984 cepisse
318 1932 368 1985 pro
392 1921 406 1971 i
430 1915 512 1969 uideo
536 1915 648 1981 (ΜΒ,
670 1919 702 1967 13
726 1914 914 1980 infirmitatem
937 1933 987 1984 pro
1011 1933 1068 1970 non
1085 1919 1228 1986 firmiteta
1252 1924 1297 1988 18,
1317 1925 1333 1974 b

185 1995 217 2048 in
237 1996 296 2048 nita
315 2011 440 2064 pronon
459 1996 528 2062 ntia)
539 1996 577 2048 'et
596 1992 736 2048 constanti
753 1992 845 2049 Taciti
862 1995 925 2049 usui
943 1996 1055 2066 cedens,
1080 2017 1135 2068 quo
1157 2017 1267 2069 semper
1285 2001 1334 2056 ille

185 2073 216 2128 in
245 2075 357 2144 dialogo
386 2075 440 2130 duo
469 2073 644 2130 substantioe
677 2073 822 2144 coniungit
853 2091 904 2144 per
931 2091 988 2130 non
1018 2109 1048 2116 -
1078 2095 1126 2132 nee
1154 2078 1213 2132 siue
1241 2096 1334 2148 nepae,

187 2157 321 2223 sequente
346 2159 421 2225 quod
445 2158 604 2228 opponatur
626 2156 715 2210 altero
739 2154 863 2210 membro
887 2155 1035 2225 bipartito;
1060 2157 1094 2212 cf.
1119 2174 1141 2211 o.
1163 2163 1196 2211 19
1217 2174 1273 2212 non
1292 2161 1334 2212 in·

185 2236 318 2302 firmitate
343 2239 450 2307 inperii
476 2255 524 2292 nec
552 2237 698 2290 inscientia
725 2237 893 2300 litterarum,
926 2236 972 2288 sed
998 2236 1103 2290 indicio
1132 2241 1156 2290 ct
1184 2237 1332 2306 intellecta,

186 2321 222 2370 29
240 2333 297 2370 non
321 2319 462 2372 seraitate
485 2318 649 2386 disciptinae
671 2332 719 2371 nee
741 2315 848 2384 inpenii
866 2315 1060 2384 experimento,
1080 2317 1127 2370 sed
1146 2316 1291 2371 ambitione
1310 2324 1335 2374 et

185 2394 331 2462 illecebris,
352 2411 374 2450 c.
394 2401 428 2451 36
447 2413 503 2451 non
522 2397 642 2450 absentes
666 2411 714 2449 nec
731 2409 784 2464 per
802 2393 926 2461 tabelias,
950 2394 996 2448 sect
1021 2410 1112 2449 coram
1131 2399 1155 2448 et
1169 2400 1332 2462 praesentes.

258 2480 274 2528 9
303 2481 328 2529 et
354 2478 400 2529 sni
425 2477 561 2545 alienique
588 2479 760 2543 contemptas.
809 2474 902 2527 ‘sunm
930 2474 959 2527 et
989 2472 1112 2527 alienum
1144 2476 1331 2530 eontemnere’

187 2557 292 2610 certam
317 2556 403 2610 habet
428 2553 674 2625 significationem,
699 2555 743 2608 cui
763 2570 825 2607 curn
848 2551 1016 2606 lasciuia'et
1033 2552 1182 2606 dicacitate
1201 2552 1273 2606 nihil
1292 2556 1335 2609 est

187 2651 341 2692 commune.
378 2637 501 2704 spretam
525 2635 615 2689 adhue
638 2635 797 2689 Heumanni
820 2631 1042 2687 emendationem
1066 2633 1149 2703 plano
1177 2633 1334 2690 confirmari

186 2717 270 2771 uideo
288 2717 351 2771 loco
370 2716 512 2771 simillimo
532 2715 653 2785 Appulei
673 2714 744 2785 [tior.
756 2703 782 2768 'a
799 2720 814 2768 't
833 2733 860 2784 p.
876 2716 891 2765 8
911 2711 1026 2784 Krueg]
1046 2730 1115 2783 qnae
1133 2715 1205 2768 enirn
1222 2715 1334 2780 facilior
1375 2778 1378 2784 .

189 2813 231 2851 res
249 2813 330 2864 qaam
351 2796 461 2865 linpnoe
478 2795 568 2850 rabies
587 2800 611 2849 et
630 2795 727 2848 nilitas
746 2809 863 2858 nrornrn,
883 2793 970 2846 attera
988 2809 1021 2846 erc
1036 2793 1153 2846 aliorum
1172 2797 1334 2862 contempta,

188 2878 276 2931 altera
295 2893 328 2930 en
346 2877 391 2930 sni
409 2874 498 2930 nata?
536 2869 590 2944 quo
615 2874 698 2929 simul
716 2873 850 2927 Italorum
876 2871 969 2924 rectae
994 2871 1169 2924 coniecturae
1192 2871 1335 2926 dicacitati

186 2955 270 3026 (male
296 2957 432 3011 traditum
458 2956 602 3011 bibacitati
626 2953 655 3008 in
681 2953 802 3008 libertati
826 2951 1010 3021 Puteolanus,
1035 2951 1064 3005 in
1090 2951 1239 3006 ninacitoti
1263 2952 1289 3005 R
1308 2953 1334 3006 t—

186 3036 294 3105 gersius
313 3037 468 3103 mutarunt)
486 3051 591 3089 nouum
610 3034 721 3088 accedit
738 3031 946 3089 adminiculum.

260 3121 293 3168 14
316 3120 427 3183 qnotnrn
451 3132 577 3185 pnenrqne
599 3113 730 3168 inuenies.
773 3109 966 3181 pessumdedit
994 3109 1171 3164 Andresenus
1201 3110 1239 3180 [p.
1270 3112 1332 3183 157]

186 3197 319 3250 inaennm
338 3195 403 3248 ante
423 3195 546 3248 inuenies
564 3193 711 3247 inserendo
731 3191 940 3262 gradationem,
961 3207 1031 3260 quae
1052 3192 1094 3246 est
1112 3191 1210 3245 haece:
1238 3208 1334 3246 omnes

186 3273 313 3328 homines
333 3291 395 3328 eum
415 3273 491 3328 domi
510 3273 662 3342 loquantur
676 3273 710 3328 de
726 3271 929 3342 gladiatoribus
945 3273 1088 3342 equisque,
1107 3289 1162 3326 non
1177 3272 1334 3327 mirandum

187 3358 230 3408 est
249 3354 324 3423 quod
342 3354 372 3408 in
391 3353 537 3408 auditoriis
564 3355 597 3408 de
622 3353 662 3408 eis
686 3369 827 3407 sermones
847 3353 994 3407 conserunt
1016 3351 1101 3406 etiem
1121 3352 1333 3420 adulescentuli,

187 3434 256 3502 quin
274 3432 330 3502 ipsi
346 3434 544 3503 praeceptores
563 3433 628 3487 hinc
647 3433 748 3503 petunt
767 3431 965 3486 confabulandi
987 3434 1191 3502 argumentum.
1258 3467 1261 3476 .

258 3519 274 3567 2
293 3530 341 3568 nee
359 3515 391 3567 in
409 3514 566 3568 unctoribus
585 3513 776 3583 eopnoscenoiis
796 3554 801 3566 .
818 3553 823 3566 .
840 3553 846 3564 .
865 3527 913 3565 nec
931 3512 963 3565 in
981 3513 1108 3567 notitiam
1126 3516 1171 3568 nei
1189 3530 1296 3569 rernm.
1309 3555 1333 3570 ..
1354 3532 1376 3568 e.
1396 3513 1434 3568 80

187 3596 255 3649 sotis
278 3610 375 3663 operae
397 3595 555 3648 insanitur.
598 3592 725 3648 codicum
750 3591 917 3661 scripturam
941 3591 991 3659 qui
1011 3609 1198 3664 praepropere
1217 3594 1335 3649 reiciunt

188 3674 379 3744 recipiuntque
399 3674 532 3728 Italorum
554 3673 741 3727 correcturam
759 3673 873 3740 notitia,
898 3672 1038 3726 diuersam
1056 3672 1139 3741 plane
1159 3691 1176 3727 a
1194 3673 1334 3743 prioribus

188 3755 325 3810 rationem
343 3754 426 3808 huius
446 3753 562 3808 ablatiui
581 3753 768 3822 posthabent
798 3769 907 3821 operans
925 3753 1061 3806 insumere
1080 3753 1112 3806 in
1130 3752 1225 3821 aliqua
1244 3770 1273 3806 re
1292 3758 1335 3809 est

190 3834 230 3888 ‘in
259 3852 292 3889 ea
315 3851 345 3888 re
367 3836 514 3903 tamqnam
538 3833 656 3887 materia
680 3832 806 3887 subiecta
834 3831 997 3888 elaborare'.
1039 3849 1136 3886 uerum
1164 3832 1239 3886 enim
1267 3850 1333 3888 uero

162 3909 290 3967 'notitia
315 3930 370 3968 non
397 3916 440 3968 est
464 3913 570 3967 laboris
598 3911 729 3980 materia,
756 3912 805 3966 sed
831 3911 945 3966 fructus.
989 3911 1085 3981 itaque
1115 3915 1164 3967 ant
1191 3914 1227 3968 ad
1255 3932 1333 3984 prae-

189 3993 344 4048 cedentium
370 3993 559 4049 ablatiuorum
584 3991 797 4046 similitudinem
815 3987 858 4045 ¹in
888 3993 989 4046 notitia
1018 3993 1204 4061 comparando
1229 3995 1279 4048 aut
1302 3996 1334 4048 in

187 4075 315 4129 notitiam
334 4075 483 4129 dicendum
502 4076 575 4144 erat,
598 4074 652 4128 hoo
676 4073 720 4126 est
738 4089 771 4124 ex
794 4089 846 4124 usu
870 4073 1019 4141 argenteae
1042 4072 1163 4127 maiime
1182 4072 1333 4129 latinitatis

191 4154 234 4210 ‘ut
251 4155 382 4210 notitiam
401 4155 544 4208 referant’.
581 4170 633 4208 nec
653 4169 700 4208 our
719 4151 833 4207 Tacitus
856 4153 1008 4208 nariandae
1031 4152 1165 4209 orationis
1184 4154 1333 4222 gratiosis

188 4235 309 4290 seribere
328 4233 468 4304 nequierit
487 4233 577 4290 uideo.

260 4321 276 4370 5
295 4332 409 4385 qaorum
422 4315 558 4388 professio
573 4358 579 4369 .
596 4355 601 4367 .
617 4359 623 4370 .
638 4331 719 4384 qnam
738 4313 843 4367 nnllam
862 4313 939 4382 opaci
957 4314 1072 4367 maiores
1089 4318 1195 4367 nostros
1214 4315 1333 4368 anctori-
1366 4319 1370 4328 '

188 4401 269 4450 tatem
288 4397 414 4452 babuerit
431 4396 524 4449 statim
543 4396 575 4449 cie
593 4397 679 4449 coriis
696 4395 812 4460 reseram
831 4409 933 4448 necesse
951 4398 995 4448 est.
1036 4392 1134 4461 miror,
1152 4393 1332 4448 falsissimam

189 4475 324 4532 Gronouii
344 4475 534 4531 'coniecturam
558 4476 684 4532 dicturus
710 4475 769 4530 tarn
798 4472 846 4527 diu
873 4489 934 4530 esse
959 4474 1116 4529 toleratam.
1162 4475 1232 4529 haec
1259 4474 1333 4529 enim
