3270 5168
314 1149 416 1234 Saepe
439 1175 477 1216 ex
501 1173 552 1216 me
575 1151 725 1236 requiris,
752 1149 841 1214 Iuste
860 1149 954 1234 Fabi,
978 1171 1047 1234 cur,
1070 1172 1143 1214 cum
1167 1150 1274 1233 priora
1297 1171 1364 1213 sae·
1391 1146 1409 1212 l

225 1259 298 1323 cula
325 1261 376 1322 tot
403 1257 612 1322 eminentium
642 1260 807 1322 oratorum
834 1255 974 1341 ingeniis
1004 1255 1170 1340 gloriaque
1193 1253 1368 1334 floruerint,

225 1369 337 1430 nostra
359 1365 565 1448 potissimum
589 1367 678 1428 aetas
703 1363 831 1426 deserta
854 1365 887 1425 et
909 1361 1004 1426 laude
1028 1361 1230 1444 eloquentiae
1254 1361 1368 1427 orbata

225 1473 279 1536 uix
302 1493 420 1537 nomen
434 1471 541 1554 ipsum
560 1469 697 1535 oratoris
716 1469 866 1552 retineat,
889 1490 993 1553 neque
1008 1469 1092 1532 enim
1107 1468 1154 1532 ita
1168 1467 1368 1551 appellamus

198 1579 289 1644 onisi
312 1578 478 1662 antiquos,
501 1577 618 1641 horum
641 1578 749 1639 autem
772 1579 954 1658 temporum
977 1573 1089 1638 diserti
1103 1574 1255 1640 causidici
1269 1578 1302 1639 et
1315 1575 1368 1638 ad-

227 1687 332 1751 uocati
357 1688 390 1748 et
411 1683 541 1767 patroni
565 1686 598 1748 et
621 1681 747 1768 quiduis
775 1682 885 1766 potius
909 1705 1005 1766 quam
1035 1684 1179 1748 oratores
1203 1685 1370 1748 uocantur.

226 1793 277 1858 cui
299 1789 536 1876 percontationi
559 1791 634 1854 tuae
657 1788 852 1873 respondere
876 1791 909 1852 et
931 1792 999 1852 tam
1019 1808 1156 1873 magnae
1171 1789 1370 1872 quaestionis

225 1899 350 1983 pondus
374 1898 532 1982 excipere,
560 1900 596 1960 ut
619 1900 677 1962 aut
704 1896 743 1960 de
766 1894 906 1982 ingeniis
929 1894 1050 1961 nostris
1079 1895 1161 1960 male
1186 1895 1369 1961 existiman-

225 2005 301 2070 dum
323 2006 378 2090 sir,
406 2004 432 2068 si
457 2004 544 2085 ¹idem
574 2003 702 2088 assequi
725 2025 791 2067 non
814 2025 1002 2086 possumne,
1031 2004 1089 2066 aut
1112 2001 1151 2066 de
1174 2002 1313 2087 iudiciis,
1343 2004 1370 2068 si

186 2132 211 2170 1⁰
225 2113 390 2196 nolumus,
412 2110 467 2176 uix
489 2111 618 2175 hercule
642 2110 806 2194 auderem,
829 2110 857 2174 si
879 2109 961 2174 mihi
983 2130 1057 2173 mea
1081 2109 1242 2174 sententia
1264 2110 1370 2194 profe·

226 2218 326 2283 renda
348 2241 386 2282 ac
408 2240 476 2283 non
498 2216 785 2282 disertissimorum
806 2218 841 2280 ut
854 2217 974 2281 nostris
988 2215 1188 2298 temporibus
1203 2216 1370 2282 hominum

228 2324 549 2409 sermorepetendus
572 2326 670 2407 esset,
694 2345 775 2408 quos
800 2323 934 2386 eandem
957 2322 1042 2387 hanc
1062 2323 1285 2406 quaestionem
1301 2347 1370 2407 per-

227 2435 406 2498 tractantes
435 2431 561 2496 iuuenis
592 2430 766 2495 admodum
798 2429 915 2495 audiui.
968 2429 1015 2493 ita
1044 2451 1110 2495 non
1140 2429 1284 2516 ingenio,
1315 2432 1371 2496 sed

226 2540 383 2606 memoria
404 2543 438 2604 et
460 2537 681 2604 recordatione
705 2559 786 2622 opus
810 2540 872 2622 est,
901 2540 950 2622 ut,
979 2558 1060 2622 quae
1089 2539 1370 2622 apraestantissi-

186 2664 211 2704 1⁵
226 2648 286 2712 mis
310 2647 389 2712 uiris
413 2649 445 2710 et
463 2645 647 2732 excogitata
661 2644 825 2710 subtiliter
843 2647 875 2708 et
894 2644 980 2710 dicta
999 2645 1142 2728 grauiter
1158 2646 1274 2730 accepi,
1297 2669 1370 2711 cum

226 2753 347 2838 singuli
374 2752 519 2818 diuersas
546 2774 601 2816 eas
625 2750 753 2834 quidem
782 2750 838 2815 sed
860 2751 1047 2836 probabiles
1071 2773 1186 2816 causas
1211 2752 1370 2836 afferrent,

226 2862 301 2926 dum
324 2861 463 2926 formam
487 2859 537 2924 sui
555 2860 691 2943 quisque
715 2862 748 2922 et
765 2858 867 2921 animi
886 2861 919 2922 et
937 2858 1060 2943 ingenii
1074 2858 1233 2942 redderet,
1256 2859 1369 2923 iisdem

224 2989 310 3033 nunc
338 2966 446 3032 uerbis
474 2965 651 3049 iisdemque
679 2964 861 3030 rationibus
888 2963 1064 3049 persequar
1095 2968 1225 3030 seruato
1257 2964 1369 3044 ordine

226 3074 465 3161 disputationis.
502 3094 604 3156 neque
628 3071 715 3136 enim
739 3070 841 3136 defuit
858 3071 913 3154 qui
928 3071 1089 3136 diuersam
1104 3094 1230 3163 quoque
1244 3075 1370 3157 partem

187 3199 213 3238 ²⁰
227 3182 404 3268 susciperet
432 3203 468 3248 ac
497 3180 634 3243 multum
661 3183 778 3243 uexata
805 3182 838 3243 et
865 3179 960 3244 irrisa
989 3183 1154 3245 uetustate
1186 3182 1371 3245 nostrorum

227 3294 409 3374 temporum
433 3286 650 3371 eloquentiam
674 3285 880 3369 antiquorum
903 3286 1042 3371 ingeniis
1066 3285 1250 3351 anteferret.
1276 3299 1279 3306 '

243 3419 249 3430 ·
315 3395 401 3460 Nam
423 3398 555 3479 postero
574 3393 625 3457 die
643 3415 740 3476 quam
754 3390 917 3458 Curiatius
932 3391 1098 3458 Maternus
1113 3391 1270 3459 Catonern
1289 3394 1367 3458 reci·
1393 3404 1413 3469 2

226 3506 368 3588 tauerat,
391 3524 464 3568 cum
489 3500 661 3567 offendisse
674 3499 856 3584 potentium
870 3499 996 3565 animos
1012 3499 1183 3584 diceretur,
1204 3503 1380 3584 tamquam·

227 3614 263 3677 in
288 3634 325 3678 eo
348 3608 535 3695 tragoediae
560 3611 750 3693 argumento
773 3607 887 3673 saeculi
909 3607 958 3671 sui
982 3607 1102 3672 oblitus
1125 3611 1253 3673 tantum
1276 3605 1370 3672 Oato-

225 3742 300 3784 nem
323 3719 514 3803 cogitasset,
538 3737 637 3801 eaque
661 3715 699 3779 de
723 3736 756 3778 re
781 3735 838 3797 per
856 3714 968 3779 urbem
987 3713 1139 3797 frequens
1155 3735 1259 3779 sermo
1273 3713 1371 3777 habe-

199 3829 328 3910 ⁵retur,
350 3827 509 3890 uenerunt
532 3824 574 3889 ad
597 3845 669 3887 eum
689 3819 732 3886 M.
747 3821 836 3905 Aper
859 3823 891 3884 at
908 3819 1009 3885 Iulius
1034 3817 1210 3904 Secundus,
1234 3819 1370 3884 celeber-

298 3999 326 4054 0.
346 3998 468 4053 Cornelii
486 3996 580 4053 Taciti
598 3996 728 4066 dialogus
748 3996 783 4074 de
802 3993 959 4052 oratoribus
978 4001 1005 4048 Μ
1023 3995 1149 4051 inscribit
1167 3996 1292 4064 ircosque,
1315 3995 1372 4048 uisi

224 4081 297 4152 quod
316 4079 345 4136 Ο.
364 4080 472 4147 omittit,
491 4085 514 4131 n

297 4161 326 4217 1.
346 4166 362 4214 4
383 4158 557 4229 appellamus
577 4176 606 4219 ςε
626 4159 800 4230 appellemus
821 4165 839 4212 0
857 4161 868 4230 q
890 4165 906 4212 9
926 4157 964 4211 sit
981 4157 1091 4212 addidit
1109 4157 1251 4226 Lipsiusu
1272 4161 1303 4209 16
1323 4171 1370 4209 eas

225 4241 338 4311 quidem
356 4241 467 4311 scripsi:
486 4239 533 4294 uel
551 4239 665 4295 easdem
684 4242 773 4309 01117
792 4239 921 4293 redderet
938 4244 977 4291 1:
997 4236 1146 4292 redderent
1163 4240 1210 4307 nn
1226 4243 1257 4292 18
1276 4237 1370 4291 uerbis

225 4324 335 4393 scripsi:
354 4319 478 4376 numeris
494 4325 513 4372 0
529 4323 534 4390 l
549 4338 701 4390 persequar
715 4321 894 4376 Puteolanus:
912 4335 1065 4389 prosequar
1080 4323 1098 4370 0
1112 4321 1122 4388 u
1138 4324 1169 4372 la
1188 4319 1304 4387 fortusse
1322 4317 1370 4372 ad-

226 4420 336 4458 uersam

298 4482 327 4540 2.
347 4490 363 4538 3
383 4481 489 4538 saeculi
507 4483 606 4539 addidi
