3270 5168
258 377 278 438 6
769 367 889 422 TACITI

257 536 341 600 rima
372 539 442 599 tum
476 533 608 620 ingenia
639 533 702 598 fori
734 532 851 616 nostri,
885 553 965 616 quos
998 551 1059 616 ego
1092 534 1246 616 utrosque
1274 551 1341 594 non
1368 530 1403 593 in

259 642 386 735 iudiciis
418 641 513 706 modo
547 638 689 706 studiose
723 638 906 717 audiebam,
942 638 998 702 sed
1031 637 1117 703 domi
1147 657 1273 722 quoque
1305 640 1338 700 et
1370 636 1404 700 in

259 749 389 835 publico
415 748 602 813 assectabar
624 746 707 812 mira
730 745 911 812 studiorum
935 744 1110 829 cupiditate
1134 748 1168 808 et
1190 743 1330 829 quodam
1354 763 1403 807 ar-

260 856 335 922 dore
363 854 512 938 iuuenili,
542 857 579 918 ut
606 854 733 919 fabulas
762 873 888 938 quoquc
916 874 1027 918 eorum
1049 854 1090 916 et
1113 851 1350 936 disputationes
1373 852 1406 914 et

259 985 378 1028 arcana
401 964 544 1027 semotae
563 960 717 1026 dictionis
736 960 864 1044 penitus
880 959 1075 1043 exciperem3
1098 957 1246 1043 quamuis
1261 956 1405 1043 maligne
1421 979 1446 1018 ιο

260 1069 405 1154 plerique
428 1069 638 1152 opinarentur
665 1088 724 1134 nec
748 1063 895 1132 Secundo
918 1069 1106 1150 promptum
1129 1087 1199 1130 esse
1226 1087 1406 1131 sermonem

261 1179 295 1240 et
317 1175 442 1259 Aprum
466 1175 598 1261 ingenio
621 1174 731 1258 potius
755 1177 788 1239 et
811 1174 845 1238 ui
868 1176 1004 1238 naturae
1029 1195 1126 1258 quam
1145 1172 1350 1238 institutione
1375 1175 1407 1236 et

260 1282 377 1348 litteris
401 1283 523 1346 famam
538 1282 740 1367 eloquentiae
755 1283 972 1347 consecutum.
1009 1302 1086 1344 narn
1101 1282 1133 1343 et
1148 1275 1292 1344 Secundo
1306 1299 1407 1362 purus
1495 1349 1497 1352 ,

262 1368 295 1453 et
321 1411 451 1473 pressus
481 1393 527 1474 et,
556 1390 591 1454 in
615 1393 773 1478 quantum
797 1388 876 1454 satis
907 1391 990 1472 erat,
1017 1387 1179 1472 profluens
1208 1408 1313 1451 sermo
1342 1407 1409 1451 non

147 1497 153 1508 '
262 1495 378 1579 defuit,
401 1500 435 1562 et
456 1495 546 1582 Aper
568 1497 656 1563 omni
680 1495 857 1561 eruditione
880 1495 1024 1560 imbutus
1048 1493 1277 1560 contemnebat
1299 1493 1407 1578 potius
1423 1509 1448 1550 1⁵

262 1603 389 1668 litteras
409 1626 505 1688 quam
524 1604 703 1687 nesciebat,
721 1606 888 1688 tamquam
903 1602 1059 1666 maiorem
1074 1600 1232 1665 industria
1251 1602 1283 1664 et
1296 1600 1407 1665 labore

263 1709 401 1794 gloriam
424 1709 610 1795 habiturus,
633 1711 661 1776 si
683 1710 850 1794 ingenium
874 1709 942 1774 eius
965 1709 1063 1774 nullis
1088 1707 1266 1772 alienarum
1291 1707 1408 1771 artium

264 1815 466 1881 adminiculis
489 1816 585 1880 inniti
608 1815 779 1880 uideretur.

221 1921 242 1986 3
355 1921 461 2007 Igitur
478 1925 515 1987 ut
528 1921 722 1987 intrauimus
736 1922 918 1987 cubiculum
932 1921 1086 2006 Materni,
1106 1921 1271 1988 sedentem
1290 1921 1409 2004 ipsum-

265 2051 327 2112 que
358 2050 453 2114 quem
481 2029 583 2113 pridie
614 2029 807 2095 recitauerat
834 2029 952 2094 librum
981 2029 1067 2094 inter
1093 2051 1208 2095 manus
1235 2029 1409 2094 habentem

266 2135 544 2220 deprehendimus.

353 2242 435 2308 Tum
463 2240 628 2309 Secundus
664 2241 798 2308 ‘nihilne
828 2242 887 2329 te’,
920 2244 1037 2329 inquit,
1076 2241 1250 2328 ‘Materna
1283 2241 1410 2307 fabulae

265 2350 484 2435 malignorum
506 2354 642 2436 terrent,
666 2351 839 2436 quominus
863 2352 1000 2416 offensas
1015 2349 1148 2416 Catonis
1171 2349 1219 2413 tui
1234 2349 1344 2413 ames?
1368 2365 1437 2413 ano

265 2455 337 2520 ideo
361 2457 479 2522 librum
502 2457 601 2522 istum
621 2457 877 2542 apprehendisti,
900 2461 937 2521 ut
956 2458 1144 2543 diligentius
1163 2459 1355 2522 retractares
1379 2460 1412 2520 et

266 2562 404 2626 sublatis
441 2562 469 2626 si
507 2584 570 2646 qua
601 2584 722 2646 prauae
758 2563 1020 2647 interpretationi
1055 2564 1224 2629 materiam
1257 2562 1412 2628 dederunt

266 2665 1411 2756 emitteresOatonemnonquidemmeliorem,sedtamenseouriorem?'

355 2773 439 2840 Tum
461 2775 531 2841 ille:
554 2774 654 2863 ‘leges
678 2781 714 2843 tu
738 2799 820 2862 quae
843 2777 962 2842 audisti
986 2782 1018 2842 et
1042 2798 1214 2864 agnosces,
1242 2777 1318 2862 quid
1341 2776 1409 2845 Ma-

266 2885 378 2947 ternus
402 2882 465 2948 sibi
480 2882 637 2950 debuerit.
675 2885 759 2970 quod
783 2884 811 2950 si
835 2869 899 2980 qua
923 2885 1033 2952 omisit
1051 2883 1146 2970 Octo,
1169 2883 1315 2968 sequenti
1331 2884 1410 2948 reci·
1427 2901 1451 2938 1⁰

266 2989 389 3055 tatione
413 2989 572 3074 Thyestes
597 2991 699 3075 dicet3
726 2990 811 3057 hanc
838 2992 924 3056 enim
954 2991 1155 3077 tragoediam
1179 2991 1324 3075 disposui
1347 2991 1412 3056 iam

267 3100 299 3159 et
321 3097 407 3159 intra
431 3118 481 3160 me
504 3096 611 3180 ipsum
634 3097 782 3162 formaui.
819 3100 915 3182 atque
938 3096 1010 3162 ideo
1034 3101 1196 3163 maturare
1219 3098 1296 3164 libri
1318 3098 1413 3163 huius

268 3201 441 3267 editionem
470 3201 602 3286 festino,
630 3206 666 3268 ut
694 3203 827 3267 dimissa
854 3203 960 3287 priore
987 3225 1066 3268 cura
1093 3227 1199 3271 nouae
1222 3203 1413 3291 cogitationi

267 3311 338 3374 toto
361 3309 493 3391 pectore
517 3307 723 3375 incumbam?

357 3413 460 3479 ‘Adeo
480 3418 512 3480 ta
530 3415 716 3500 tragoediae
730 3416 812 3480 istae
830 3438 895 3481 non
911 3415 1057 3497 satiant,'
1080 3417 1187 3502 inquit
1200 3416 1296 3503 Aper,
1319 3391 1408 3503 ‘quoi-
1424 3431 1449 3473 1⁵

268 3521 375 3586 minus
399 3521 527 3587 omissis
552 3521 735 3587 orationum
763 3526 796 3587 et
822 3545 991 3589 causarum
1020 3523 1137 3589 studiis
1166 3546 1262 3589 omne
1285 3527 1412 3610 tempus

197 3697 205 3710 ‚
268 3627 365 3694 modo
393 3628 660 3713 circa'Medeam,
690 3651 762 3695 ecce
789 3652 874 3696 nuno
902 3632 987 3696 circa
1015 3631 1192 3716 Thyestem
1220 3633 1413 3697 consumas?

269 3758 341 3802 cum
364 3739 396 3801 te
420 3740 470 3802 tot
489 3735 665 3803 amicorum
685 3739 821 3816 causae,
835 3741 887 3803 tot
902 3739 1102 3804 coloniarum
1118 3742 1150 3803 et
1164 3737 1409 3822 municipiorum

341 3973 356 4020 6
383 3981 436 4036 ogo
459 3964 489 4020 in
512 3963 624 4020 iudiciis
647 3982 704 4021 non
726 3967 858 4034 utrosque
881 3965 965 4022 modo
984 3972 1017 4037 0,
1041 3968 1210 4036 transposuit
1233 3966 1388 4038 Sobopeaas
1405 3968 1415 4040 ll

271 4051 303 4100 15
323 4045 400 4100 omni
417 4051 456 4100 H:
481 4063 544 4100 cum
562 4052 585 4098 u
604 4046 745 4100 communi
762 4047 914 4102 Rhenanus
941 4050 950 4119 ΙΙ
978 4053 1011 4102 16
1034 4045 1189 4102 industriae
1213 4050 1243 4103 ot
1260 4047 1366 4102 laboris
1386 4053 1414 4118 0,
1435 4038 1445 4058 ⁸

269 4127 375 4182 correct
388 4129 398 4197 ΙΙ
413 4132 445 4181 18
464 4125 549 4182 inniti
568 4144 628 4183 com
646 4127 730 4182 auria
749 4128 860 4182 lectione
879 4125 970 4181 adniti
989 4133 1012 4179 R

341 4205 370 4261 3.
396 4212 409 4260 1
430 4205 576 4276 ipsumque
600 4223 683 4276 quom
702 4223 854 4278 anonymus
876 4208 908 4262 ia
925 4208 1018 4277 Ler'pr.
1037 4207 1175 4264 Lot-Zeia
1197 4215 1264 4264 1833
1279 4227 1310 4278 p.
1333 4214 1412 4265 1898:

269 4283 362 4354 ipsum
381 4301 462 4352 quem
481 4292 500 4340 0
519 4285 612 4356 ipsum
630 4303 663 4342 ac
682 4303 765 4354 quem
784 4301 800 4344 ς
819 4285 923 4356 (ipsum
942 4304 1078 4357 quemque
1097 4289 1287 4359 SchopeursNJ
1305 4296 1321 4343 2
1339 4288 1415 4346 inter

270 4365 414 4421 Ouiucs'us:
434 4365 540 4420 intrao
563 4369 574 4436 11
596 4374 612 4421 9
631 4365 709 4437 leges
726 4368 758 4420 tu
777 4364 845 4434 quid
863 4368 1005 4421 maternus
1025 4366 1078 4422 sibi
1093 4367 1221 4424 debuerit
1234 4371 1263 4423 et
1276 4386 1414 4440 agnosces

271 4461 342 4514 quaa
361 4443 467 4500 audisti
486 4451 518 4514 0,
537 4448 696 4516 transposui
708 4448 718 4517 ΙΙ
733 4453 765 4502 12
784 4445 877 4516 ipsum
895 4448 1007 4517 scripsi:
1026 4446 1087 4518 ipss
1106 4454 1125 4502 0
