3270 5168
639 363 819 421 DIALOGVS
838 366 867 420 C.
886 370 964 420 2-5.
1358 367 1376 428 7

232 531 399 596 clientelae
422 530 456 593 in
479 529 584 594 forum
598 515 729 613 docent,
752 529 868 613 quibus
883 530 939 595 uix
953 530 1132 612 suffeceris,
1155 531 1253 594 etiam
1269 530 1378 594 sinon

192 663 219 701 20
233 660 352 703 nouum
375 637 437 702 tibi
459 637 528 721 ipse
550 634 717 720 negotium
735 636 941 723 imperasses,
965 637 1144 703 Domitium
1163 640 1196 700 et
1210 635 1377 721 Catonem,

232 745 264 809 id
287 747 337 809 est
358 745 488 811 nostras
512 764 639 828 quoque
662 742 815 810 historias
840 749 873 810 et
895 745 1044 811 Romana
1066 745 1215 830 nomina,
1238 743 1376 809 Graecu-

231 853 336 917 lorum
358 850 479 915 fabulis
503 849 707 937 aggregans?

321 957 366 1024 llt
388 956 566 1022 Maternus:
594 955 811 1040 ‘perturbarer
837 958 898 1025 hac
925 962 983 1025 tua
1011 960 1197 1044 seueritate,
1225 959 1289 1024 nisi
1316 953 1422 1024 fre-4

233 1087 335 1150 quens
360 1067 393 1129 et
416 1065 545 1130 assidua
566 1064 662 1130 nobis
685 1066 851 1132 contentio
870 1067 1050 1152 iamprope
1065 1064 1379 1134 inconsuetudinem

231 1172 392 1238 uertisset.
427 1193 504 1236 nam
527 1193 587 1237 nec
609 1174 646 1236 tu
670 1171 794 1258 agitare
818 1175 851 1237 et
873 1173 999 1259 insequi
1012 1176 1126 1258 poetas
1142 1171 1330 1236 intermittis
1345 1174 1378 1234 et

231 1299 305 1365 ego,
329 1279 381 1344 cui
404 1278 561 1343 desidiam
584 1271 836 1362 aduocationem
860 1279 974 1363 obicis,
997 1278 1222 1364 quotidianum
1245 1277 1309 1342 hoo
1322 1299 1377 1361 pa-

191 1410 204 1450 s
231 1385 403 1451 trocinium
419 1384 636 1450 defendendae
652 1384 805 1450 aduersus
820 1389 852 1451 te
867 1386 1012 1470 poeticae
1027 1407 1168 1450 exerceo.
1197 1406 1260 1467 quo
1274 1383 1379 1449 laetor

230 1493 335 1578 magis
359 1492 506 1558 oblatum
529 1491 625 1556 nobis
648 1491 799 1574 iudicem,
829 1491 884 1576 qui
912 1514 963 1556 me
987 1493 1040 1557 uel
1063 1481 1266 1556 infuturum
1289 1493 1379 1556 uetat

230 1620 343 1664 uersus
366 1599 472 1663 iacere
495 1597 562 1681 uel,
586 1597 761 1682 quodiam
783 1597 907 1682 pridem
931 1601 1008 1683 opto
1013 1649 1023 1683 ,
1047 1621 1105 1663 sua
1128 1619 1255 1682 quoque
1270 1601 1379 1663 aucto-

230 1707 326 1771 ritate
349 1705 523 1789 compellat
545 1707 583 1769 ut
606 1704 734 1769 omissis
756 1704 935 1770 forensium
958 1725 1128 1770 causarum
1152 1705 1321 1789 angustiis,
1344 1705 1379 1770 in

229 1813 346 1898 quibus
370 1812 452 1876 mihi
476 1812 556 1876 satis
580 1832 739 1896 superque
763 1811 915 1877 sudatum
934 1814 1000 1896 est,
1024 1811 1220 1878 sanctiorem
1235 1811 1326 1876 illam
1346 1815 1379 1876 et

88 1955 106 1978 a
191 1943 216 1980 ιο
232 1919 451 2006 augustiorem
475 1919 693 2004 eloquentiam
717 1917 844 1984 colam?

316 2025 401 2111 ‘Ego
416 2011 519 2110 uero,'
538 2025 645 2109 inquit
658 2021 837 2109 Secundus,
856 2023 1043 2109 ‘antequam
1062 2047 1113 2090 mc
1133 2025 1273 2091 iudicem
1287 2024 1377 2109 Aper
1401 2034 1422 2100 5

228 2136 369 2217 recuset,
391 2133 511 2197 faciam
534 2131 620 2216 quod
642 2131 737 2215 probi
755 2134 788 2196 et
807 2131 947 2196 modesti
961 2131 1082 2197 iudices
1097 2133 1212 2216 solent,
1235 2135 1272 2198 ut
1286 2133 1320 2197 in
1335 2133 1376 2198 iis

229 2239 470 2326 cognitionibus
493 2260 525 2304 sc
547 2243 713 2323 excusent,
735 2239 770 2302 in
794 2239 911 2324 quibus
935 2239 1142 2304 manifestum
1166 2243 1217 2304 est
1240 2239 1378 2305 alteram

228 2346 313 2431 apud
337 2367 392 2411 eos
410 2349 536 2429 partem
555 2346 661 2432 gratia
674 2345 870 2429 praeualere.
907 2346 979 2430 quis
994 2345 1081 2410 eninr
1095 2345 1200 2410 nescit
1214 2347 1376 2412 neminem

188 2475 202 2514 a
229 2453 310 2518 mihi
333 2453 587 2520 coniunctiorem
610 2474 680 2518 esse
704 2457 736 2517 et
759 2474 820 2517 usu
835 2452 995 2518 amicitiae
1010 2453 1043 2516 et
1058 2451 1249 2518 assiduitate
1265 2457 1376 2518 contu·

229 2560 333 2626 bernii
356 2581 453 2644 quam
477 2557 620 2624 Saleium
643 2558 795 2638 Bassum,
819 2581 892 2624 cum
916 2559 1075 2643 optimum
1099 2559 1205 2624 uirum
1228 2563 1297 2625 turn
1322 2561 1375 2626 ab·

228 2668 463 2734 solutissimum
485 2665 637 2751 poetam?
660 2688 758 2750 porro
781 2666 811 2730 si
834 2665 963 2750 poetica
977 2669 1161 2756 accusatur,
1184 2689 1251 2732 non
1274 2667 1374 2732 alium

226 2775 320 2841 uideo
344 2796 434 2838 reum
457 2771 722 2857 locupletiorem?

318 2877 468 2945 ‘Securus
497 2877 551 2943 sit'
574 2879 681 2964 inquit
703 2876 792 2962 Aper
815 2879 860 2943 ‘et
884 2877 1009 2960 Saleius
1028 2877 1150 2944 Bassus
1173 2882 1206 2942 et
1229 2879 1375 2964 quisquis

187 3010 212 3048 ιο
227 2989 308 3053 alius
328 2987 468 3052 studium
488 2985 634 3071 poeticae
653 2988 686 3050 et
699 2985 878 3050 carminum
893 2985 1031 3071 gloriam
1050 2985 1153 3070 fouet,
1172 3008 1244 3051 oum
1259 3008 1373 3051 causas

226 3113 321 3182 agere
348 3116 414 3159 non
441 3093 555 3177 possit.
600 3113 684 3178 nego
714 3093 802 3158 enim
830 3093 972 3158 alienum
1000 3093 1156 3158 arbitrum
1186 3092 1253 3157 litis
1276 3093 1373 3158 huius

225 3201 375 3266 inueniri:
398 3223 464 3272 non
486 3201 594 3285 patiar
613 3198 797 3265 Maternum
822 3199 977 3265 societate
996 3199 1137 3282 plurium
1157 3199 1292 3284 defendi,
1316 3200 1372 3264 sed

223 3308 331 3392 ipsum
354 3307 458 3373 solum
482 3307 567 3392 apud
592 3329 625 3372 sa
649 3327 836 3392 coarguam,
859 3307 945 3391 quod
968 3309 1064 3372 natus
1089 3306 1129 3372 ad
1153 3306 1370 3391 eloquentiam

224 3414 350 3480 uirilem
374 3417 408 3480 et
430 3416 615 3499 oratoriam,
638 3435 702 3499 qua
719 3435 832 3498 parere
851 3413 948 3478 simul
969 3417 1001 3478 et
1018 3413 1103 3478 tueri
1122 3414 1290 3500 amicitias,
1314 3415 1369 3479 ad-

188 3540 212 3582 15
229 3523 364 3589 sciscere
391 3521 659 3607 necessitudines,
691 3521 861 3606 complecti
887 3520 1070 3604 patrocinia
1096 3520 1216 3606 possit,
1254 3521 1378 3586 omittit

298 3722 329 3771 19
345 3716 485 3771 sufficeres
500 3716 669 3771 Puteolanas
681 3714 691 3783 l
705 3720 738 3768 20
752 3712 921 3783 imperasses
935 3713 990 3782 (uel
1003 3711 1197 3782 imposuisses)
1211 3712 1359 3770 Acastus

225 3796 407 3866 importasscs
426 3805 445 3851 0
464 3798 474 3866 l
492 3801 526 3851 22
546 3811 705 3866 aggregans
726 3795 855 3851 Orellias:
874 3808 1046 3864 aggregatas
1065 3797 1084 3845 0

296 3875 326 3931 4.
346 3883 361 3930 9
381 3875 462 3932 illam
480 3882 519 3930 tt:
539 3876 625 3931 istam
644 3877 689 3944 lt't
705 3880 737 3929 10
757 3873 950 3945 angustiorem
968 3877 996 3924 1

296 3957 326 4012 5.
346 3963 361 4010 2
380 3955 501 4012 modesti
519 3962 558 4010 1:
578 3955 717 4010 moderati
731 3962 755 4008 n
770 3961 775 4026 1
790 3955 835 4009 his
849 3961 872 4007 n
886 3957 924 4024 113
944 3951 1153 4023 cognitionibus
1173 3967 1201 4010 ςε
1221 3951 1374 4022 cogitatio.

223 4036 306 4092 nibus
326 4042 345 4090 0
366 4039 371 4106 1
392 4054 421 4091 se
439 4039 549 4094 addidit
569 4037 699 4091 Pithoeus
720 4039 730 4106 l
753 4043 768 4091 6
788 4035 920 4090 salarium
938 4035 982 4089 uel
1002 4033 1123 4088 salarum
1141 4040 1165 4086 n
1182 4035 1192 4103 ΙΙ
1212 4041 1227 4089 t
1247 4032 1319 4087 alius
1338 4039 1374 4094 n:

227 4117 315 4172 alium
332 4122 360 4169 1
385 4120 394 4185 l
423 4123 454 4170 11
473 4134 546 4186 nego
565 4117 677 4186 scripsi:
697 4117 726 4170 et
745 4133 797 4186 ego
817 4122 836 4168 0
866 4118 870 4184 Ι
900 4113 1023 4169 alienum
1041 4115 1152 4183 scripsi:
1172 4114 1309 4181 quatenus
1328 4117 1347 4164 0
1366 4119 1374 4190 q

227 4203 259 4250 12
279 4195 402 4266 plurium
423 4197 565 4251 Pithoeus:
584 4196 736 4266 plurimum
756 4201 774 4248 0
802 4198 812 4267 ΙΙ
845 4201 877 4250 13
897 4211 925 4248 se
946 4209 1097 4264 coarguam
1115 4195 1303 4248 Aadrcseaas:
1323 4210 1371 4247 eos

225 4293 342 4345 arguam
363 4283 382 4330 0
397 4279 407 4346 l
423 4283 455 4330 14
474 4292 530 4344 qua
549 4281 581 4329 0:
600 4294 671 4346 quae
691 4279 730 4348 sll
746 4283 778 4331 15
788 4274 1009 4332 necessitudines
1023 4280 1063 4328 1:
1082 4272 1266 4328 necessitates
1281 4278 1304 4324 n
1322 4267 1370 4326 na·

225 4354 317 4410 tiones
337 4373 353 4416 ς
369 4361 373 4426 1
388 4355 549 4428 patrocinia
566 4359 677 4428 carpsi:
697 4354 857 4427 prouincias
876 4361 895 4409 0
912 4353 1041 4426 {omittit
1059 4355 1223 4410 Rhenanus:
1242 4353 1340 4408 amitti
1354 4359 1372 4406 0

227 4435 332 4491 amittit
352 4437 521 4492 Puteolanus
