3270 5168
284 379 329 440 40
794 371 915 426 raoni

284 541 390 607 forum
413 539 518 624 magis
542 538 723 622 exercebat,
750 525 870 620 in'quo
894 557 990 601 nemo
1012 536 1099 601 intra
1121 537 1415 620 paucissimas
1443 559 1527 621 per-

285 668 377 714 orare
395 645 487 718 boras
509 646 686 729 cogebatur
708 647 740 708 et
762 643 882 708 liberae
906 642 1316 728 comperendinationes
1343 647 1460 710 erant
1482 647 1519 708 et
1620 641 1621 648 '

285 755 414 821 modum
434 752 560 818 dicendi
579 752 641 817 sibi
660 751 795 835 quisque
810 749 959 816 sumebat
972 752 1004 814 et
1018 771 1183 815 numerus
1203 773 1345 836 neque
1364 751 1514 817 dierum
1544 771 1557 810 5
1620 738 1621 754 ¹

284 884 388 946 neque
417 863 630 946 patronorum
653 856 835 924 finiebatur.
880 857 1003 942 primus
1031 856 1111 922 haec
1138 858 1271 924 tertio
1304 859 1510 925 consulatu

285 967 342 1034 On.
357 967 529 1052 Pompeius
553 964 704 1030 astrinxit
727 964 944 1050 imposuitque
968 963 1068 1028 ueluti
1086 963 1212 1028 frenos
1240 964 1506 1051 eloquentiae,

285 1075 333 1141 ita
364 1077 474 1139 tamen
507 1077 544 1138 ut
576 1072 686 1138 omnia
717 1072 752 1136 in
779 1071 868 1156 foro,
899 1071 1008 1137 omnia
1037 1071 1180 1156 legibus,
1224 1073 1365 1138 omnia
1399 1071 1498 1158 apud

285 1185 449 1266 praetores
472 1181 673 1266 gererentur;
697 1178 782 1263 apud
806 1200 886 1262 quos
910 1181 1032 1261 quanto
1055 1178 1180 1244 maiora
1210 1179 1383 1265 negotia
1407 1178 1491 1244 olim

285 1287 424 1352 exerceri
448 1285 546 1352 solita
570 1286 644 1370 sint,
668 1285 753 1370 quod
776 1285 881 1350 maius
901 1288 1127 1368 argumentum
1151 1288 1207 1350 est
1237 1309 1361 1370 quarn
1390 1283 1487 1370 quod
1504 1304 1528 1341 1⁰

285 1416 399 1460 causae
432 1393 694 1476 centumuirales‚
727 1414 809 1476 quae
840 1413 927 1456 nuno
958 1391 1099 1475 primum
1131 1393 1309 1476 optinent
1348 1393 1479 1474 locum,

169 1506 179 1520 “
287 1502 366 1569 adeo
391 1500 560 1586 splendore
577 1500 715 1565 aliorum
729 1499 923 1565 iudiciorum
938 1498 1157 1563 obruebantur
1171 1501 1210 1563 ut
1226 1517 1358 1586 neque
1377 1499 1476 1566 Cice-

288 1609 377 1673 ronis
405 1629 508 1691 neque
533 1605 680 1673 Caesaris
703 1628 807 1691 neque
830 1604 925 1676 Bruti
948 1626 1051 1689 neque
1075 1602 1177 1669 Caelii
1200 1595 1328 1691 neque
1359 1604 1471 1688 Oalui,

286 1736 352 1777 non
386 1713 521 1796 denique
549 1713 646 1777 ullius
673 1713 786 1796 magni
815 1713 953 1778 oratoris
980 1713 1063 1777 liber
1095 1711 1180 1794 apud
1212 1713 1469 1778 centumuiros

287 1820 391 1884 dictus
414 1821 561 1903 legatur?
586 1819 726 1904 exceptis
751 1818 952 1884 orationibus
976 1817 1097 1903 Asinii,
1120 1840 1201 1901 quae
1224 1841 1296 1903 pro
1324 1817 1501 1884 heredi-15

287 1927 346 1991 bus
374 1925 530 1992 Urbiniae
562 1925 796 2009 inscribuntur,
829 1926 870 1990 ab
903 1925 974 2009 ipso
1007 1929 1117 1990 tamen
1143 1924 1301 1991 Pollione
1334 1925 1462 1992 mediis

287 2033 354 2098 diui
377 2031 519 2118 Augusti
541 2031 742 2114 temporibus
764 2031 909 2115 habitae,
932 2034 1104 2116 postquam
1128 2034 1227 2118 longa
1250 2037 1456 2118 temporum

287 2140 376 2224 quies
400 2145 433 2204 et
456 2139 642 2204 continuum
665 2138 778 2222 populi
802 2137 906 2203 otium
929 2140 961 2202 et
980 2138 1110 2204 assidua
1129 2143 1260 2206 senatus
1276 2140 1452 2225 tranquil-

291 2246 366 2311 litas
390 2250 423 2311 et
446 2245 580 2310 maximi
598 2245 754 2329 principis
771 2243 941 2329 disciplina
953 2245 1058 2330 ipsam
1073 2268 1199 2331 quoquc
1213 2247 1448 2333 eloquentiam

234 2360 280 2425 39
290 2354 373 2418 sicut
405 2354 516 2418 omnia
544 2353 607 2418 alia
634 2355 816 2436 pacauerat.
865 2375 1002 2436 paruum
1033 2356 1065 2418 et
1096 2353 1268 2430 ridiculum
1299 2355 1448 2421 fortasse
1461 2372 1487 2411 20
1575 2383 1579 2474 q

289 2459 452 2523 uidebitur
472 2459 556 2542 quod
571 2459 713 2524 dicturus
729 2481 815 2542 aum,
834 2458 938 2524 dicam
952 2461 1061 2524 tamen
1080 2460 1132 2522 uel
1146 2458 1218 2524 ideo
1233 2464 1270 2526 ut
1283 2462 1442 2528 rideatur.

290 2567 447 2648 quantum
474 2564 667 2628 humilitatis
696 2567 848 2648 putamus
876 2566 1080 2648 eloquentiae
1109 2567 1256 2644 attulisse
1280 2571 1442 2653 paenulas
1574 2477 1582 2654 l

289 2671 383 2753 istas,
416 2671 532 2756 quibus
564 2669 688 2735 astricti
716 2674 748 2734 et
780 2671 871 2736 uelut
902 2671 1019 2737 inclusi
1051 2695 1123 2737 cum
1155 2673 1316 2740 iudicibus
1345 2677 1438 2741 fabu-
1575 2690 1582 2830 q

288 2777 415 2842 lamur?
448 2775 606 2863 quantum
629 2777 746 2842 uirium
767 2777 943 2844 detraxisse
962 2779 1101 2845 orationi
1117 2781 1277 2846 auditoria
1292 2786 1327 2848 et
1344 2784 1439 2848 tabu·
1578 2864 1579 2876 ἵ

288 2886 370 2950 laria
393 2885 566 2971 oredimus,
589 2886 624 2950 in
649 2885 764 2970 quibus
788 2885 853 2950 iam
876 2886 942 2952 fere
961 2888 1119 2972 plurimae
1138 2911 1253 2954 causae
1273 2891 1434 2973 explicari·
1461 2905 1473 2944 ⁵
1579 2895 1581 2945 l

231 3071 233 3076 ,
289 2994 363 3058 tur?
386 3016 462 3059 narn
486 3015 549 3078 quo
573 2993 669 3058 modo
693 2993 817 3058 nobiles
842 3014 941 3078 equos
966 3016 1077 3058 cursus
1101 2997 1133 3058 et
1155 2995 1260 3078 spatia
1282 2999 1432 3081 probant,
1576 2979 1577 2990 ἵ

290 3101 336 3165 sic
360 3104 409 3164 est
432 3099 549 3182 aliquis
568 3102 735 3164 oratorum
759 3121 905 3183 campus,
928 3122 986 3183 per
1009 3121 1105 3184 quern
1128 3100 1191 3166 nisi
1214 3101 1308 3167 liberi
1333 3109 1366 3170 et
1384 3127 1433 3170 so·

288 3206 350 3270 luti
373 3206 531 3283 ferantur,
554 3204 743 3269 debilitatur
766 3226 802 3269 ac
825 3205 989 3290 frangitur
1006 3207 1198 3290 eloquentia.
1230 3210 1335 3293 ipsam
1357 3213 1431 3298 quin

290 3313 389 3376 immo
418 3333 528 3376 curam
556 3314 589 3375 et
618 3311 782 3396 diligentis
813 3312 881 3376 stili
904 3313 1098 3378 anxietatem
1122 3317 1317 3382 contrariam
1341 3341 1431 3404 expe-

291 3419 405 3501 rimur,
429 3417 505 3502 quia
529 3439 624 3501 saepe
647 3417 957 3504 interrogatiudex,
985 3442 1115 3486 causam
1138 3422 1265 3504 quando
1288 3424 1430 3510 incipias,
1443 3450 1465 3489 ιο

292 3526 324 3587 et
348 3545 387 3587 ex
409 3523 663 3608 interrogatione
687 3525 755 3590 eius
778 3525 995 3610 incipiendum
1024 3531 1086 3613 est,
1113 3529 1297 3613 frequenter
1319 3533 1430 3615 proba-

293 3629 436 3694 tionibus
465 3632 497 3694 et
530 3633 669 3698 testibus
698 3633 861 3700 silentium
889 3633 1051 3717 inpatiens
1078 3635 1205 3720 indicit3
1237 3659 1320 3702 unus
1352 3638 1430 3704 inter

287 3733 299 3758 0
1268 3729 1272 3736 .

363 3884 379 3932 4
397 3879 481 3934 horas
501 3886 564 3937 aete
581 3897 712 3950 perorare
732 3895 761 3948 ς,
775 3886 839 3949 post
857 3881 928 3936 idem
946 3871 1080 3937 Halmius
1095 3883 1262 3939 addiderant
1274 3886 1284 3954 l
1298 3885 1425 3940 edicendi

219 4020 221 4025 q
292 3960 475 4016 Puteolanus:
495 3961 612 4015 dicendo
632 3964 674 4029 011
689 3962 788 4016 ohaec
803 3965 842 4014 1:
860 3960 907 4014 hic
925 3966 949 4013 Π
961 3964 971 4032 ΙΙ
986 3968 1000 4015 7
1016 3960 1066 4015 Gn.
1081 3967 1105 4013 n
1118 3963 1175 4030 1110
1191 3954 1310 4017 aliorum
1323 3970 1363 4019 1:
1382 3965 1423 4018 ali-

291 4056 409 4106 quorum
427 4046 451 4093 r
468 4042 478 4110 ΙΙ
502 4047 533 4095 16
552 4038 686 4094 Urbiniae
705 4042 832 4111 Lipsius:
852 4040 930 4116 uriuq
949 4046 977 4094 Μ
994 4039 1074 4094 uruie
1092 4045 1116 4092 n
1135 4042 1233 4117 urbinp
1253 4060 1269 4102 ς
1292 4047 1296 4112 Ι
1320 4046 1423 4111 fortusse

290 4135 308 4172 a
325 4119 402 4174 uicto
420 4122 515 4174 tamen
528 4123 538 4191 ΙΙ
554 4128 585 4175 19
604 4120 720 4176 maximi
738 4125 777 4175 1:
801 4119 925 4176 maxima
942 4125 966 4174 N
984 4120 1104 4176 maxime
1123 4123 1249 4180 Haustus
1262 4127 1272 4194 l
1286 4132 1320 4180 20
1338 4124 1421 4180 omnia

291 4198 348 4252 alia
365 4202 517 4267 pacauerat
534 4206 573 4255 1:
594 4200 688 4254 omnia
707 4201 896 4271 depacauerat
913 4207 937 4253 n

362 4280 410 4335 39.
431 4288 446 4336 2
466 4280 608 4336 uidebitur
627 4282 756 4337 Ursinus:
775 4281 888 4337 uidetur
907 4286 925 4333 0
942 4282 946 4349 Ι
962 4279 1086 4334 rideatur
1100 4286 1139 4336 1:
1158 4281 1251 4336 ridear
1264 4288 1288 4335 n
1301 4285 1311 4352 ΙΙ
1325 4289 1340 4338 5
1356 4285 1420 4340 audi·

290 4359 363 4433 torip
382 4363 411 4415 et
428 4361 567 4435 tabularip
586 4367 613 4414 Ι
626 4363 635 4431 ΙΙ
651 4367 682 4416 11
703 4378 816 4416 causam
835 4361 946 4431 quando
965 4361 989 4413 Ι.
1004 4361 1154 4418 Bekterus:
1173 4381 1258 4432 quam
1277 4365 1419 4431 quandoll

292 4440 402 4506 quando
422 4444 568 4511 (suprascr.
588 4445 602 4494 t
619 4443 713 4511 quam)
732 4446 756 4493 Π
769 4444 778 4512 ll
795 4449 826 4497 13
845 4441 986 4510 inpatiens
1006 4441 1161 4512 Hauptius:
1180 4445 1314 4512 patronus
1333 4450 1352 4498 0
