3270 5168
542 436 723 492 DIALOGVS
743 435 772 492 0.
794 441 905 490 rs-1s.
1187 491 1191 499 ,
1256 432 1295 495 19

153 603 344 669 adscribatis
379 624 476 687 quam
504 603 639 686 nostris,
670 622 737 666 non
764 599 867 664 uideo.
904 619 980 662 nam
1011 598 1047 659 ut
1077 596 1114 660 de
1143 593 1297 661 Cicerone

155 711 225 795 ipse
248 710 377 794 loquar,
404 708 514 773 Hirtio
537 730 652 792 nempe
680 711 713 771 et
734 705 842 770 Pansa
871 702 1070 787 consulibus,
1096 707 1135 766 ut
1156 702 1234 766 Tiro
1260 700 1297 765 li·
1409 721 1413 728 ·

83 817 93 828 '
154 819 265 884 bertus
295 818 364 881 eius
394 815 534 900 scripsit,
568 815 627 880 ‘vn
654 815 726 879 idus
753 811 942 878 Decembres'
971 811 1095 876 occisus
1124 814 1187 894 est,
1221 805 1297 893 ‘q'uo

154 947 240 990 anno
264 924 357 988 diuus
381 923 548 1007 Augustus
572 922 607 984 in
630 922 737 986 locum
756 921 881 985 Pansae
906 923 938 983 et
960 918 1062 983 Hirtii
1085 939 1119 981 se
1142 916 1297 994 0111.Ρο-

112 1031 245 1096 rodium
268 1031 416 1094 consules
441 1028 588 1094 suffecit’.
626 1011 733 1094 stitus
755 1050 872 1093 nouem
892 1031 925 1091 et
939 1026 1174 1112 quinquaginta
1188 1046 1299 1101 annos,

156 1139 273 1222 quibus
301 1159 376 1201 mox
404 1137 497 1202 diuus
521 1136 688 1222 Augustus
718 1158 786 1200 rem
814 1135 977 1219 publicam
1006 1132 1102 1216 rexit3
1130 1132 1218 1197 adice
1246 1131 1298 1194 Ti-

154 1245 237 1308 berii
259 1248 325 1309 tres
349 1248 382 1308 et
404 1244 537 1328 uiginti,
561 1246 594 1308 et
616 1265 716 1328 prope
741 1242 988 1328 quadriennium
1004 1239 1077 1324 Gai,
1101 1262 1137 1304 ac
1155 1239 1206 1303 bis
1222 1261 1298 1323 qua·

154 1355 264 1417 ternos
289 1351 388 1416 denos
413 1349 542 1417 Claudii
565 1355 598 1415 et
620 1351 761 1416 Neronis
786 1372 902 1433 annos,
926 1351 1023 1433 atque
1046 1349 1152 1432 ipsum
1176 1346 1299 1411 Galbae

156 1463 189 1524 et
212 1459 349 1525 Othonis
373 1461 406 1522 et
419 1457 534 1524 Vitelli
555 1459 688 1543 longum
708 1460 740 1522 et
758 1480 856 1522 unum
877 1478 1011 1539 annum,
1035 1477 1072 1519 ac
1091 1458 1216 1519 sextum
1234 1455 1299 1518 iam

115 1580 141 1619 1⁵
156 1565 258 1629 felicis
281 1565 379 1629 huius
405 1565 632 1648 [principatus]
658 1565 824 1647 stationis,
847 1585 911 1647 qua
924 1561 1146 1645 Vespasianus
1160 1583 1228 1626 rem
1242 1583 1299 1644 pu-

155 1672 275 1736 blicam
294 1671 397 1735 fouet:
421 1673 550 1735 centum
574 1673 607 1734 et
629 1670 750 1755 uiginti
775 1670 850 1735 anni
874 1671 915 1734 ab
934 1669 1067 1733 interitu
1083 1666 1247 1733 Ciceronis
1265 1667 1299 1731 in

156 1777 243 1842 hunc
267 1777 351 1840 diem
371 1777 580 1862 colliguntur,
603 1777 698 1841 unius
721 1776 861 1841 hominis
881 1781 980 1841 aetas.
1017 1775 1178 1859 nam-ipse
1192 1795 1252 1860 ego
1266 1775 1300 1838 in

156 1883 327 1948 Britannia
346 1883 413 1948 uidi
437 1906 562 1968 senem,
586 1884 641 1968 qui
665 1905 699 1948 se
722 1883 885 1949 fatebatur
908 1885 936 1948 ei
959 1903 1088 1968 pugnae
1106 1882 1301 1965 interfuisse,

156 2011 219 2074 qua
242 1987 414 2055 Caesarem
441 1991 633 2055 inferentem
662 2013 753 2055 arma
775 1979 927 2054 Britanni
956 1993 989 2054 et
1016 2011 1122 2055 arcere
1150 1989 1301 2054 litoribus

118 2115 145 2152 20
160 2101 193 2160 et
215 2098 335 2182 pellere
359 2097 504 2183 aggressi
529 2100 612 2163 sunt.
648 2097 696 2160 ita
719 2098 747 2161 si
770 2119 857 2180 eum,
880 2097 935 2180 qui
960 2100 1103 2160 armatus
1122 2094 1156 2160 C.
1171 2094 1302 2160 Caesari

155 2205 288 2282 restitit,
311 2204 363 2267 uel
381 2204 554 2288 captiuitas
573 2205 625 2268 uel
642 2204 794 2268 uoluntas
813 2204 983 2268 uallatum
998 2203 1126 2286 aliquod
1141 2203 1176 2267 in
1190 2203 1303 2267 urbem

157 2311 380 2393 pertraxisset,
404 2314 437 2373 et
455 2306 627 2374 Caesarem
651 2310 781 2392 quidem
803 2310 911 2393 ipsum
937 2312 970 2374 et
983 2307 1169 2374 Ciceronem
1194 2308 1303 2373 audire

157 2416 267 2499 potuit
286 2418 319 2479 et
336 2415 459 2479 nostris
475 2438 600 2500 quoque
616 2417 798 2481 actionibus
812 2417 975 2481 interesse.
1012 2417 1160 2500 proximo
1175 2417 1304 2501 quidem
1332 2393 1337 2406 ¹

157 2520 323 2604 congiario
347 2520 410 2603 ipsi
433 2521 561 2585 uidistis
584 2523 753 2606 plerosque
778 2543 886 2606 senes,
908 2523 963 2607 qui
987 2545 1020 2587 se
1044 2523 1158 2589 adino
1177 2546 1304 2608 quoque

117 2643 143 2682 2⁵
159 2623 309 2711 Augusto
333 2625 432 2690 semel
456 2630 553 2711 atque
577 2629 693 2693 iterum
717 2630 878 2712 accepisse
897 2630 1101 2716 congiarium
1119 2633 1304 2697 narrabant.

157 2754 195 2795 ex
219 2754 282 2816 quo
306 2733 416 2818 colligi
438 2736 548 2817 potest
570 2738 603 2799 et
625 2733 800 2801 Coruinum
825 2737 866 2800 ab
890 2736 956 2800 illis
980 2740 1013 2802 et
1026 2738 1176 2803 Asinium
1201 2739 1304 2803 audiri

156 2841 300 2923 potuisse
313 2839 410 2924 (nam
425 2837 585 2905 Coruinus
598 2843 633 2906 in
648 2842 790 2908 medium
805 2865 906 2927 usque
923 2842 1064 2928 Augusti
1077 2845 1305 2929 principatum,

157 2946 290 3010 Asinius
318 2968 422 3029 paene
445 2948 486 3011 ad
510 2951 687 3012 extremum
711 2949 868 3035 durauit);
897 2971 938 3013 ne
964 2950 1117 3014 diuidatis
1141 2953 1304 3016 saeculum

158 3057 191 3117 et
214 3054 367 3137 antiquos
391 3075 428 3118 ac
446 3057 592 3120 recentes
611 3056 764 3120 uocitatis
780 3059 940 3141 oratores,
964 3078 1043 3139 quos
1059 3051 1234 3123 eorunder'n
1247 3056 1304 3121 ho-

123 3175 148 3215 30
162 3163 285 3226 minum
308 3183 402 3226 aures
426 3181 601 3246 agnoscere
625 3185 662 3228 ac
685 3164 775 3228 uelut
798 3163 991 3248 coniungere
1016 3168 1052 3230 et
1075 3165 1225 3248 copulare
1246 3172 1305 3249 'po-

161 3272 303 3335 tuerunt
339 3270 421 3334 haec
443 3267 515 3334 ideo
538 3271 697 3355 praedixi,
719 3273 768 3355 ut,
799 3271 913 3356 siqua
937 3294 975 3336 ex
998 3273 1114 3337 horum
1138 3271 1357 3338 oratorum18

160 3375 247 3440 fama
270 3377 436 3461 gloriaque
466 3377 538 3442 laus
561 3377 759 3461 temporibus
784 3377 979 3462 adquiritur,
1007 3400 1078 3442 eam
1102 3376 1248 3444 docerem
1271 3381 1306 3444 in

160 3482 267 3547 medio
292 3484 388 3548 sitam
413 3488 445 3549 et
467 3485 651 3569 propiorem
674 3484 769 3550 nobis
794 3507 892 3569 quam
914 3484 1026 3550 Seruio
1050 3484 1173 3551 Galbae
1195 3491 1252 3552 aut
1270 3485 1304 3552 Ο.

166 3723 190 3764 ⁸
232 3727 246 3775 7
265 3719 326 3788 ipse
345 3726 384 3774 1:
404 3721 466 3790 ipso
485 3724 536 3791 111
557 3728 573 3776 8
591 3720 760 3788 Decembres
779 3723 890 3780 addidit
908 3724 1024 3793 Iapsc'as
1042 3725 1181 3792 (lacunam
1199 3726 1307 3780 indicat

159 3803 197 3868 u)
228 3803 238 3868 l
271 3806 304 3854 10
327 3803 441 3873 nouem]
466 3819 515 3856 sex
538 3803 655 3871 Lipsius
679 3803 752 3872 Apri
774 3805 911 3874 corriperis
933 3821 1049 3860 errorem
1085 3808 1094 3873 11
1132 3811 1164 3859 12
1188 3804 1232 3857 cai
1256 3805 1307 3876 011

162 3886 194 3933 13
213 3879 307 3948 ipsum
320 3886 358 3934 1:
377 3881 463 3936 istum
481 3882 641 3940 1111111111ς
662 3884 672 3952 11
697 3889 729 3936 14
747 3883 862 3949 fortasse
879 3902 966 3938 unum
985 3887 1014 3938 et
1030 3883 1147 3952 longum
1172 3887 1177 3953 1
1198 3887 1307 3938 sextum

161 3978 220 4030 epo:
240 3964 348 4016 sextam
367 3969 386 4015 0
406 3981 454 4018 sex
472 3963 531 4017 iam
548 3965 608 4016 tam
626 3961 645 4016 f.
666 3962 789 4018 debellas
820 3965 830 4033 1
862 3971 894 4019 15
913 3963 1089 4034 principatus
1109 3963 1260 4018 stationem
1278 3971 1307 4035 0,

161 4044 267 4096 correxi
293 4044 303 4111 l
331 4049 364 4096 16
383 4042 489 4112 uiginti
508 4044 581 4113 (XX)
598 4048 638 4095 ll:
658 4041 756 4096 decem
774 4048 797 4094 11
823 4046 834 4113 11
863 4051 895 4100 17
914 4045 944 4098 id
962 4047 1006 4099 est
1024 4044 1106 4097 unius
1126 4045 1280 4115 Sobopeaus
1299 4047 1306 4116 11

163 4126 196 4174 18
215 4123 359 4177 fatebatur
376 4128 418 4176 u:
442 4124 577 4178 fateretur
595 4128 618 4174 11
639 4122 643 4194 1
664 4121 690 4175 ei
710 4138 738 4180 ςε
759 4125 787 4176 et
806 4125 853 4192 011
874 4131 906 4178 19
926 4124 1057 4178 Britanni
1075 4129 1104 4180 et
1121 4127 1231 4195 scripsi:
1250 4124 1306 4179 bri-

161 4201 275 4256 tanniae
290 4209 309 4256 0
323 4205 333 4273 11
347 4209 381 4257 20
392 4208 462 4272 palo
481 4203 577 4272 itaque
598 4202 622 4256 si
635 4204 645 4273 11
658 4211 692 4258 22
712 4205 742 4256 et
755 4201 905 4256 Caesarem
918 4205 1032 4273 quidem
1050 4205 1143 4274 ipsum
1158 4207 1306 4260 Meiscrasz

162 4281 323 4348 etquidem
341 4284 371 4336 et
389 4298 532 4340 caesarem
549 4282 642 4352 ipsum
660 4290 679 4336 0
703 4286 743 4352 (et
761 4287 877 4339 altmaro
895 4287 962 4340 delet
981 4289 1007 4354 ς)
1025 4287 1035 4354 11
1056 4293 1090 4340 24
1110 4284 1248 4354 cogiario,
1272 4289 1307 4338 25

163 4360 317 4429 cogiarium
331 4368 359 4415 u
371 4365 381 4432 11
395 4367 429 4416 28
448 4353 543 4429 itaque
561 4380 596 4416 ne
611 4364 833 4432 Βο11010101129
851 4368 977 4419 recentes
991 4366 1178 4420 Eclcstcinias:
1197 4367 1307 4418 ueteres

163 4446 182 4492 0
199 4440 351 4511 111οο110110
369 4447 409 4496 1:
428 4441 536 4496 uocatis
550 4448 573 4494 11

234 4522 281 4576 18.
302 4529 317 4576 2
337 4538 397 4575 eam
417 4523 561 4577 Halmius:
581 4525 697 4577 eandem
715 4530 734 4576 0

1058 4613 1095 4670 2*
