3296 5168
441 431 730 488 COMMENTARIVS
749 431 916 488 ORITIOVS
935 433 964 488 C.
985 439 1097 488 17-19.
1298 433 1339 498 73

189 593 260 648 ante
284 593 312 661 (5
335 611 362 662 p.
387 593 451 648 Chr.
467 595 512 662 n.)
536 611 550 648 e
573 593 647 650 uiuis
671 595 829 650 excesserat
850 592 964 650 Asinius
986 593 1085 650 Pollio.
1124 593 1224 663 quibus
1243 594 1279 650 ab
1297 595 1340 655 hi-

190 674 297 728 storias
316 673 371 728 fido
389 673 541 744 patefactis
559 673 759 744 Nipperdeius,
782 675 932 744 postquam
955 674 1104 744 Borgesius
1125 673 1341 746 inprobabiliter

191 751 310 808 Coruini
333 755 363 808 et
386 750 476 806 Asinii
486 752 608 808 vnomina
625 753 699 807 inter
717 769 746 808 se
765 754 864 820 locum,
875 756 984 810 mutare
1002 755 1092 823 iussit,
1111 754 1205 824 potius
1223 755 1341 810 mediam

190 833 224 888 in
243 839 392 888 eatrcmam
411 833 577 904 corrigebat.
615 832 712 910 dubito
735 835 830 890 tamen
852 836 1044 904 uehementer,
1066 853 1134 890 num
1154 834 1240 890 trium
1259 839 1341 905 quat-

190 915 294 969 tuorue
313 931 449 968 annornm
467 913 541 968 inter
559 913 703 982 utriusque
722 915 841 970 mortem
864 916 986 986 spatium
1008 915 1155 972 minimum
1173 915 1340 986 praesertim

190 993 224 1048 in
242 991 407 1063 longissimo
426 992 546 1062 Augusti
563 1009 651 1063 regno
670 992 804 1049 admittat
826 997 885 1050 tam
907 996 1039 1052 subtilem
1063 994 1273 1050 distinctionem
1295 1013 1340 1051 ea·

190 1080 309 1129 tremam
334 1077 363 1128 et
383 1090 472 1143 pocae
497 1077 656 1140 extremam,
684 1074 759 1128 certe
785 1075 846 1130 sani
871 1076 968 1131 iudicii
993 1075 1152 1145 mentisque
1185 1075 1268 1130 homo
1300 1075 1341 1130 sio

192 1155 307 1210 locutus
326 1156 412 1209 esset:
428 1171 506 1208 nam
524 1155 642 1223 uterque
661 1170 749 1224 paena
769 1157 806 1211 ad
825 1160 979 1214 extremum
998 1159 1031 1212 A.
1051 1156 1240 1226 principatum
1258 1155 1340 1212 dura·

190 1233 244 1292 uit.
289 1251 355 1304 ergo
378 1234 425 1290 hic
448 1250 560 1304 quoque
583 1251 707 1304 agnosco
728 1235 816 1306 ipsius
834 1237 903 1307 Apri
922 1255 1043 1293 errorem
1062 1255 1237 1307 quocumque
1256 1237 1340 1294 modo

191 1318 295 1374 ortum.

267 1403 282 1451 6
305 1401 331 1451 ot
352 1411 418 1466 paor
439 1395 548 1462 attacta
570 1397 602 1450 ia
623 1397 683 1452 allo
701 1403 782 1467 porte
804 1399 930 1454 imitatas
951 1403 1024 1454 osset.
1065 1398 1190 1454 familiae
1209 1404 1237 1451 Μ
1257 1398 1341 1454 lectio
1360 1416 1382 1452 c.
1405 1398 1440 1452 18

193 1479 228 1532 ia
246 1477 307 1531 alla
330 1492 397 1546 prac
416 1475 589 1546 expeditiore
609 1477 706 1533 elassis
723 1484 748 1532 n
765 1478 844 1533 aalla
867 1477 990 1548 garrulus
1013 1478 1159 1548 archetypi
1178 1484 1197 1532 0
1220 1496 1280 1534 esse
1298 1479 1339 1533 ui·

193 1558 286 1614 detur.
322 1557 473 1612 uoluerunt
490 1557 615 1612 Muretus
633 1575 667 1614 ac
687 1560 718 1614 ia
736 1559 799 1626 ilia,
823 1558 951 1612 Halmius
974 1575 1009 1612 rw
1031 1561 1094 1627 illa;
1118 1558 1179 1630 ipse
1202 1577 1259 1614 aaa
1281 1561 1341 1614 aila

192 1636 305 1708 scripsi,
325 1636 392 1706 quia
410 1638 439 1692 ct
456 1636 558 1692 rectius
577 1639 647 1706 puto
666 1638 723 1694 dici
741 1639 776 1694 de
794 1639 925 1694 uniuersa
943 1639 1100 1695 imitatione
1120 1641 1149 1694 et
1166 1640 1247 1696 adest
1265 1639 1341 1694 idem

191 1719 307 1786 uilium,
331 1717 406 1786 quod
428 1717 540 1786 saepius
564 1716 593 1771 in
615 1717 729 1789 dialogo
748 1719 954 1788 deprehendere
977 1719 1057 1788 licet,
1081 1719 1140 1776 scil.
1159 1719 1228 1786 stin
1247 1727 1261 1775 i
1280 1737 1340 1777 cor-

192 1800 317 1869 ruptum.
360 1800 483 1852 ceterum
511 1797 545 1854 cf.
571 1797 627 1852 Cio.
652 1799 687 1854 do
715 1802 784 1855 orat.
809 1799 835 1854 11
862 1805 911 1854 361
942 1801 1050 1855 osticam
1076 1815 1134 1856 asoa
1160 1801 1340 1870 impudentia

194 1878 313 1946 Quintil.
332 1879 371 1932 IX
390 1885 416 1947 3,
437 1885 450 1932 1
470 1879 630 1948 atiaamqac
646 1895 704 1934 aaa
717 1882 817 1950 peiora
833 1883 958 1938 aiacaat.

270 1963 303 2014 18
321 1975 387 2013 aava
406 1959 564 2014 mortomar
581 1959 709 2016 iactatos
726 1965 775 2031 qai
788 1981 844 2034 pro
863 1965 966 2022 Oatoae
979 1964 1105 2034 Appiam
1120 1962 1235 2018 Cascam
1253 1965 1342 2035 acopis

192 2042 369 2120 mirarentur.
408 2037 520 2109 scripsit
543 2038 703 2095 Groslotius
727 2044 892 2114 [Burmanni
915 2043 978 2115 syll.
1002 2043 1085 2113 epist.
1109 2043 1121 2096 Ι
1144 2062 1171 2114 p.
1191 2043 1255 2113 358]
1272 2060 1342 2111 proc

195 2121 310 2186 Coloba
334 2119 408 2188 quod
433 2119 648 2189 masticatum,
672 2122 697 2177 si
717 2126 813 2193 potius
841 2143 892 2196 pro
915 2126 1003 2197 mapis
1029 2123 1178 2194 legeretur.
1226 2123 1340 2178 Schurz·

193 2198 334 2256 fleischius
353 2198 572 2268 delanit‘mapis.
615 2215 649 2254 ea
672 2218 743 2270 quac
767 2206 940 2274 praecedunt
961 2211 1055 2260 actara
1076 2219 1178 2273 sempor
1200 2203 1233 2256 ia
1251 2203 1341 2268 laude,

188 2281 351 2352 mouentia
369 2280 401 2334 ia
418 2278 533 2346 fastidio
551 2295 605 2334 cccc
623 2297 688 2335 uere
707 2282 900 2352 inlustrantur,
919 2285 944 2339 si
958 2301 992 2338 ex
1006 2285 1136 2352 corrupto
1145 2299 1199 2351 pro
1214 2280 1341 2336 elicimus

194 2376 251 2430 quo
269 2359 358 2430 ipsius
377 2358 491 2414 Catonis
509 2360 683 2429 temporibus
707 2380 772 2417 suos
795 2363 921 2434 Appium
943 2361 1075 2418 habuisse
1098 2361 1282 2416 admiratores
1300 2362 1339 2416 in·

193 2441 311 2496 dicetur.
348 2442 398 2494 aut
420 2441 488 2494 aiae
514 2437 615 2496 Oatoae
638 2444 688 2497 aut
710 2443 801 2514 magis
824 2443 941 2498 adfabili
960 2440 1128 2498 emendandi
1146 2457 1261 2510 genere,
1285 2433 1341 2511 quo
1415 2465 1417 2470 ·

194 2539 268 2592 quae
291 2519 446 2576 omiserunt
469 2519 505 2574 ad
530 2519 634 2578 similia
657 2525 820 2581 aberrantes
844 2542 861 2580 a
884 2524 1023 2589 similibus
1042 2521 1151 2578 librarii
1170 2522 1341 2592 supplemus,

190 2603 310 2673 probato
330 2599 432 2656 Catone
455 2599 554 2657 (laelio
577 2604 708 2674 restitum
731 2610 761 2662 et
783 2607 838 2662 hoo
862 2605 975 2674 quidem
998 2601 1109 2660 dicendi
1132 2618 1219 2672 genus
1238 2619 1280 2658 ex.
1300 2621 1340 2674 gr.

194 2700 229 2738 ex
247 2681 387 2736 Ciceronis
405 2681 492 2736 Bruto
512 2685 555 2738 sat
573 2687 671 2740 notum
690 2689 742 2743 est.

265 2769 299 2816 22
324 2779 427 2832 param
452 2761 562 2818 Atticas
588 2766 737 2824 atilaetar.
783 2767 818 2823 de
845 2766 928 2821 huius
957 2764 1161 2821 emendationis
1188 2763 1339 2834 Lipsianae

194 2843 315 2898 uerimtc
334 2842 468 2913 quoniam
486 2861 559 2898 nuno
578 2862 690 2915 quoque
703 2847 831 2903 nonnulli
844 2845 984 2915 dubitant,
1003 2845 1098 2914 relego
1117 2843 1236 2899 lectores
1256 2845 1341 2900 etiam

196 2925 234 2980 ad
252 2941 286 2980 ca
305 2941 377 2994 quae
396 2922 502 2978 Balsius
520 2925 607 2994 praef.
627 2926 662 2980 ad
682 2927 738 2982 Cio.
758 2927 794 2981 de
812 2943 851 2982 or.
870 2944 897 2996 p.
916 2925 969 2980 XII
990 2924 1074 2993 dixit,
1097 2924 1131 2978 ut
1153 2923 1210 2978 alia
1230 2919 1342 2979 'adferre

194 3021 317 3075 parcam.

268 3089 303 3137 24
323 3082 440 3138 Galaam
458 3083 566 3152 paidom
586 3083 712 3141 Ulceroai
729 3089 819 3143 aisam
844 3102 994 3156 oaaapaem
1016 3089 1042 3139 ot
1060 3085 1198 3152 attritam,
1221 3085 1342 3140 Bratam

198 3167 287 3218 araon
305 3163 421 3217 otiomaa
439 3165 699 3231 sacristariam.
736 3185 793 3222 non
812 3167 895 3222 credo
913 3166 1026 3222 foedum
1050 3164 1121 3221 illud
1139 3167 1265 3221 attritam
1284 3185 1341 3221 sus·

195 3242 299 3298 tentari
326 3242 389 3297 loco
416 3241 555 3297 Ciceronis
585 3244 675 3315 [Brut.
705 3249 770 3320 283]
802 3250 894 3318 itaque
923 3248 982 3302 cias
1009 3244 1112 3316 (Calui)
1138 3247 1228 3302 oratio
1253 3247 1343 3301 aimia

195 3324 325 3394 relipioao
343 3326 488 3378 abeaaata
505 3324 592 3378 dadis
610 3330 635 3380 et
653 3331 753 3382 atterite
771 3328 948 3384 audientibus
969 3333 1029 3382 erat
1045 3327 1186 3396 inlustria,
1209 3327 1343 3398 copulant

195 3404 330 3472 aaaapais
348 3409 373 3458 et
391 3405 488 3459 aridas
506 3406 579 3460 auct.
600 3407 636 3460 ad
654 3407 775 3465 Hcrenn.
793 3409 832 3464 IV
848 3414 894 3475 11,
914 3405 1009 3473 Quint.
1027 3406 1081 3460 XII
1101 3412 1143 3476 10,
1164 3413 1204 3464 14.
1242 3406 1341 3462 deinde

196 3500 286 3552 neque
304 3485 421 3539 otiosam
439 3483 484 3554 (cf.
504 3502 528 3540 c.
547 3491 581 3540 22
599 3487 703 3544 otiosas
722 3492 796 3545 eirca
810 3487 942 3556 cacosacs)
958 3503 1021 3541 oum
1037 3486 1148 3542 Scholia
1162 3486 1193 3541 in
1207 3489 1343 3542 canaram

196 3579 287 3632 neque
306 3564 475 3631 diiaactam,
495 3564 570 3633 quod
589 3565 664 3621 idem
683 3568 761 3623 ualet
783 3569 868 3636 atque
888 3565 919 3620 id
937 3566 1014 3634 quod
1032 3566 1251 3636 statimlegitur
1268 3569 1342 3624 sola·

195 3649 253 3698 trac
276 3644 322 3714 (cf.
346 3648 375 3700 ct
398 3663 421 3700 c.
447 3645 504 3714 11),
530 3661 592 3700 cum
614 3647 712 3718 Lipsio
737 3647 797 3718 (qui
819 3648 919 3717 postea
940 3646 1002 3714 ipse
1026 3645 1155 3715 spreuit),
1181 3645 1341 3716 liutgarda,

195 3725 354 3796 Bipontinis
371 3724 402 3780 in
420 3726 583 3781 discinctam
601 3727 854 3784 transformandnm
874 3727 950 3796 puto.

267 3811 281 3861 1
311 3823 378 3860 acm
409 3811 544 3875 qautenus
575 3808 751 3877 aatspaoraaa
783 3809 962 3863 admiratores
993 3806 1066 3862 iaaac
1094 3805 1171 3861 aetat
1197 3806 1441 3869 leoministiam

196 3887 372 3956 antiquitatis
391 3889 552 3942 constituero
569 3888 666 3958 soleat,
685 3889 734 3958 pai
747 3905 831 3958 aequo
844 3889 882 3944 ad
899 3887 1033 3954 Cassiam,
1052 3902 1129 3956 pacta
1144 3903 1220 3940 ream
1232 3885 1343 3953 saciant

196 3983 273 4036 quom
291 3967 414 4036 primeca
437 3968 587 4035 adfirmant
608 3968 723 4036 flectam.
765 3969 872 4038 priores
895 3985 959 4024 cum
983 3965 1172 4022 coniecturam
1192 3964 1342 4020 Puteolani

196 4047 328 4102 saman
356 4064 407 4117 pro
435 4063 512 4116 qaam
538 4063 615 4102 ream
642 4045 789 4103 scribentis
817 4047 941 4117 amplexi
967 4047 1199 4117 qualemcumque
1214 4045 1342 4103 ‚formam

198 4126 316 4182 reddere
335 4125 480 4181 studerent
496 4126 591 4182 uerbis
609 4129 658 4198 pai
675 4143 759 4198 aspar
774 4160 806 4168 -
821 4129 943 4197 sociarat,
961 4129 1144 4198 neglexerunt
1161 4127 1244 4182 huius
1256 4144 1341 4182 enun-

196 4203 262 4260 tiati
279 4205 423 4275 apodorin.
454 4223 539 4276 qnam
559 4208 608 4276 qui
627 4224 644 4262 a
662 4224 730 4263 noce
751 4207 877 4264 Cassiam
894 4208 1018 4280 incipere
1036 4210 1138 4265 debere
1156 4208 1262 4279 primus
1280 4225 1341 4278 per-

196 4283 289 4355 spaxIt
306 4285 467 4353 Michaelis,
485 4285 510 4341 is
527 4284 624 4340 recisis
642 4285 735 4344 uerbis
758 4291 807 4357 qai
829 4305 913 4360 usqae
935 4292 973 4346 ad
996 4291 1024 4346 et
1042 4307 1125 4361 porro
1147 4289 1258 4358 faciam
1279 4306 1342 4358 pru·

197 4365 295 4421 denter
322 4367 352 4420 et
376 4366 522 4436 perspicue
552 4366 623 4422 haec
648 4368 764 4438 reliquit
792 4368 892 4424 Tacito
917 4371 1017 4425 soleat:
1051 4368 1175 4424 Gnosiam
1203 4368 1341 4434 Satorum,

197 4463 273 4515 pacm
291 4448 412 4516 mimam
430 4447 586 4514 adfictam.
623 4464 681 4502 non
698 4447 816 4518 inprobo
835 4447 967 4517 squidem
983 4449 1076 4504 audax
1092 4448 1248 4504 remedium
1267 4450 1342 4518 (nam

198 4525 250 4580 tali
268 4540 335 4584 sane
352 4525 400 4580 lito
420 4543 489 4597 opus
508 4527 575 4598 est);
594 4527 644 4582 sed
663 4528 712 4598 qui
730 4527 867 4598 intellego
889 4531 938 4600 qai
959 4547 1043 4608 aequa
1066 4531 1104 4586 ad
1121 4528 1263 4585 adiectum
1281 4545 1342 4584 csse
